3217 4950
273 428 333 493 178
602 449 627 503 S.
640 449 773 504 Paulini
791 450 911 505 Nolani
929 452 1074 522 episeopi

344 619 346 622 ’
372 624 538 689 inueniunt
559 626 727 709 pauidique
749 644 862 691 manus
885 646 959 691 oum
979 628 1109 711 puluere
1132 630 1232 694 multo

290 736 351 792 600
374 728 518 794 faucibus
541 748 560 794 a
580 731 696 796 tumuli
717 732 889 797 retrahunt.
914 750 997 797 noua
1018 752 1067 797 res
1090 737 1199 798 mouet
1220 752 1328 799 omnes

373 836 404 897 et
426 834 565 898 studium
588 836 728 900 aoeendit
750 834 847 900 subiti
870 836 1039 918 disquirere
1062 855 1191 903 oausam

370 938 510 1022 prodigii.
535 939 639 1022 plaoet
661 958 734 1023 ergo
757 940 840 1003 diem
863 942 1024 1005 condicere
1045 946 1164 1006 eertum

371 1044 501 1107 serutari
524 1048 557 1109 et
577 1045 719 1128 penitam
740 1045 887 1111 submoto
909 1064 1064 1112 marmore
1088 1048 1204 1112 sedem.

370 1148 430 1211 hoo
452 1150 578 1230 etenim,
602 1149 712 1231 fateor,
735 1150 830 1214 nimis
853 1152 944 1215 anxia
966 1168 1040 1215 eura
1062 1150 1204 1233 timebat,

286 1258 347 1315 606
372 1254 481 1335 enquid
503 1254 583 1319 forte
604 1254 656 1338 pio
678 1256 717 1318 de
739 1273 867 1338 corpore
889 1256 993 1339 puluis
1015 1256 1155 1337 haberet,

371 1376 464 1439 quem
492 1377 604 1423 manus
632 1378 649 1423 e
676 1360 798 1424 tumulo
825 1380 881 1443 per
907 1364 1015 1443 aperta
1041 1360 1194 1425 foramina
1221 1364 1405 1444 promptum

369 1463 517 1528 hauserat
539 1466 572 1528 et
594 1464 682 1529 uaria
703 1469 883 1529 concretum
907 1465 997 1529 sorde
1019 1465 1141 1530 ferebat

369 1584 443 1632 eum
465 1568 607 1633 ossionlis
630 1570 726 1633 simul
748 1572 781 1634 et
802 1570 892 1635 testis
915 1588 988 1635 oum
1010 1570 1121 1635 rudere
1144 1570 1257 1635 mixtis.

368 1671 441 1735 inde
463 1676 567 1736 metus
590 1673 752 1738 hominum
776 1693 831 1757 per
855 1677 965 1738 mutua
988 1674 1086 1739 uerba
1106 1674 1270 1758 putabant,

286 1783 346 1839 610
370 1794 409 1840 00
431 1776 565 1843 fortasse
587 1795 709 1842 suorum
732 1781 843 1842 saneta
865 1778 903 1842 de
926 1796 1019 1843 earne
1043 1778 1183 1843 fauillam

367 1880 501 1946 bestiola
522 1882 652 1947 oooultis
676 1881 779 1964 eliqua
800 1882 971 1947 interclusa
992 1883 1134 1947 cauernis

367 1984 463 2050 ultius
486 1990 644 2069 expueret,
668 1988 749 2051 siout
771 1986 896 2052 deserta
917 2006 972 2069 per
995 2004 1085 2071 agros

368 2093 508 2155 monstra
530 2091 634 2155 solent
656 2094 772 2155 terram
794 2092 904 2155 rostris
926 2091 1029 2155 fodere
1051 2091 1137 2155 intus
1161 2090 1259 2155 aeutie

368 2197 400 2258 et
421 2195 529 2260 foueas
552 2196 669 2286 0100010
692 2196 833 2260 cumulos
857 2194 1015 2260 effundere
1038 2196 1155 2279 nigros,

284 2307 344 2363 616
370 2299 415 2363 sio
437 2304 470 2364 et
492 2300 532 2364 ab
554 2300 677 2365 interno
700 2300 800 2365 saneti
822 2299 933 2365 Felicis
957 2302 1072 2383 operto.

368 2422 429 2486 quo
452 2405 553 2490 magis
575 2404 635 2469 hoe
656 2405 773 2469 mirum
795 2405 886 2486 toret,
910 2404 1075 2469 interualla
1098 2404 1218 2469 dierum

366 2510 439 2574 feeit
461 2514 627 2594 congestae
649 2510 792 2575 miranda
815 2510 936 2592 eruptio
959 2513 1069 2574 terrae.

366 2631 439 2698 ergo
463 2615 513 2680 die
534 2615 651 2697 plaoitu
672 2615 780 2679 multis
804 2632 881 2696 opus
904 2614 981 2678 utile
1003 2613 1097 2678 rebus

366 2718 521 2802 arripitur.
546 2723 674 2784 eunotos
696 2719 884 2783 transmittit
907 2719 1069 2801 episeopus
1093 2717 1132 2782 ad
1154 2735 1210 2782 nos

282 2829 343 2885 620
365 2823 573 2907 presbyteros.
597 2824 646 2887 his
668 2822 760 2888 fabra
782 2841 894 2888 manue
918 2821 1132 2906 spectantibus
1154 2822 1252 2886 instat

365 2928 452 2992 iussa
474 2927 670 2992 saeerdotum
692 2927 808 3002 taoer03
833 2931 865 2992 00
885 2927 1006 3009 primus
1027 2925 1115 2991 labor
1137 2926 1199 2991 illis

366 3033 520 3097 oanoellos
543 3050 703 3097 remouere
726 3033 793 3097 loeo
816 3049 952 3113 auraque
975 3030 1118 3113 sequenti

364 3136 530 3202 haerentes
552 3135 676 3201 tabulas
699 3137 845 3201 resolutis
870 3137 978 3201 tollere
1001 3135 1108 3200 elauis.

365 3259 476 3305 uerum
499 3240 554 3305 ubi
576 3242 757 3325 depressam
779 3240 838 3305 sub
861 3241 1000 3324 tegmine
1022 3238 1186 3304 marmoris
1209 3257 1311 3303 aream

282 3352 342 3407 625
365 3346 500 3410 uidimus
523 3347 650 3429 inrupta
672 3346 742 3411 solii
764 3361 902 3429 eonpago
925 3347 1116 3422 manentem,

364 3453 442 3515 tuno
464 3469 575 3515 seoura
596 3451 674 3515 tides
697 3450 792 3515 dubio
815 3451 854 3515 de
876 3451 967 3515 eorde
989 3449 1140 3533 petiolum

365 3555 476 3619 erroris
499 3555 629 3639 pepulit,
652 3572 724 3619 oum
747 3558 833 3619 taetu
856 3554 1005 3636 oculoque
1026 3553 1182 3636 probaret,

363 3660 511 3725 ineolumi
533 3660 609 3725 solio
632 3677 787 3740 nusquam
809 3659 944 3724 rimante
967 3658 1141 3741 sepulchro,

363 3763 501 3845 undique
523 3765 676 3829 uallatum
699 3763 802 3827 ualido
825 3762 998 3827 munimine
1022 3779 1133 3844 eorpus

280 3875 341 3930 600
364 3868 510 3950 martyris
535 3868 658 3933 emeriti
679 3867 774 3933 nullis
796 3867 935 3950 patuisse
957 3866 1065 3950 piaolis

302 4147 354 4201 599
371 4161 466 4199 manua
484 4147 512 4200 A
585 4148 636 4203 605
654 4143 749 4212 eoquid
765 4145 873 4214 0000001,
891 4147 918 4198 00
935 4143 999 4212 quid
1017 4144 1083 4212 AD,
1101 4159 1135 4197 na
1153 4141 1217 4212 quid
1235 4143 1304 4199 0001.
1316 4142 1394 4198 Mur.

259 4235 309 4288 615
321 4232 420 4286 0000010
430 4233 502 4300 AD;
513 4248 561 4288 em.
574 4233 650 4287 Mur.
704 4230 904 4287 ammirandae
917 4231 1073 4300 ruptioAD
1119 4227 1395 4299 ouopraesbiuroaA

258 4321 308 4375 621
328 4317 471 4372 sacerdotio
489 4320 645 4374 00001100.
707 4322 735 4372 et
752 4319 818 4388 AD,
836 4321 877 4372 eet
895 4318 970 4373 Mor.
1036 4317 1255 4373 6230000000010
1274 4315 1395 4370 tabulam

258 4407 326 4462 0000.
350 4407 528 4461 2000000000
614 4407 665 4462 628
690 4405 814 4460 ineolumi
839 4406 869 4460 D
955 4418 1086 4472 nusquam
1109 4405 1174 4472 AD,
1201 4419 1347 4472 numquam
1370 4407 1397 4456 Δ
