3217 4950
569 477 697 515 carmen
717 461 832 525 XVIIII,
845 464 993 518 211-273.

312 641 347 702 51
368 656 520 719 meruere,
543 639 659 719 ierunt,
683 641 738 702 aut
759 638 823 702 iam
847 637 976 702 infernis
999 638 1081 702 male
1104 639 1183 702 trusi

312 742 489 807 carceribus
511 743 678 826 trepidant,
701 743 840 807 uicinum
864 744 981 806 instare
1007 741 1141 806 fatentes

227 854 289 908 215
312 847 460 911 indicium
483 847 600 911 domini
622 847 697 911 solis
720 847 780 911 sibi
802 846 894 911 triste
918 847 1043 928 suisque

312 951 466 1031 omnibus
489 952 522 1014 in
545 949 679 1025 Satanae
701 954 824 1034 partem
848 968 925 1033 quos
949 969 1062 1014 scaeua
1084 949 1229 1013 uoluntas

311 1055 441 1119 uerterit
464 1058 495 1119 et
517 1054 652 1120 Satanae
675 1055 842 1120 sooiauerit
864 1056 988 1119 aemula
1011 1055 1087 1136 uita,

310 1159 382 1223 istic
404 1160 559 1242 nequitiae
582 1160 682 1224 socios
705 1159 857 1240 hominen,
879 1159 924 1222 ibi
946 1177 1073 1242 poenae.

312 1282 383 1327 ecoe
406 1264 472 1327 dies
495 1267 623 1347 accepta
645 1265 712 1344 deo,
736 1264 829 1328 modo
852 1282 927 1327 uera
950 1265 1060 1328 salutis

224 1369 491 1448 25015151551,
514 1369 619 1434 omnia
641 1370 705 1433 iam
727 1368 818 1432 nobis
841 1369 921 1432 bene
944 1387 1036 1432 uersa
1059 1367 1215 1442 uidemus;

312 1472 460 1557 diffugere
483 1473 555 1555 doli,
579 1473 692 1537 cecidit
714 1473 782 1553 Bel,
805 1473 912 1536 interit
935 1491 1028 1552 error,

312 1578 424 1660 quique
446 1578 629 1644 colebantur
653 1579 725 1642 totis
748 1579 838 1661 quasi
861 1579 990 1642 numina
1015 1578 1141 1659 templis

311 1682 487 1763 daemones,
510 1682 544 1746 hi
565 1701 621 1766 per
642 1683 763 1766 templa
785 1683 836 1746 dei
860 1685 1043 1764 torquentur
1066 1683 1211 1763 1115111155,

312 1790 342 1851 51
364 1787 415 1869 qui
439 1786 560 1850 diuinos
584 1786 743 1851 audebant
765 1806 890 1850 sumere
913 1785 1057 1866 honores,

225 1897 289 1952 255
312 1890 346 1953 hi
368 1891 458 1955 modo
482 1890 521 1954 ab
544 1891 683 1954 humana
705 1891 887 1974 plectuntur
909 1892 976 1974 lege
998 1889 1130 1954 subacti.

311 2013 446 2077 namque
469 1994 530 2075 isti,
554 2013 632 2077 quos
654 2013 738 2059 nunc
761 1995 877 2058 celebri
899 1994 1011 2058 Felicis
1035 1995 1066 2059 in
1091 1995 1162 2058 aula

311 2101 448 2181 torqueri
470 2101 605 2164 clamare
628 2099 695 2182 rapi
718 2119 773 2183 per
796 2103 888 2181 capta
910 2099 1053 2163 uidemus

311 2220 448 2285 corpora,
471 2203 652 2287 corporibus
676 2204 772 2268 uincti
795 2204 971 2268 retinentur
993 2205 1025 2266 in
1048 2203 1134 2287 ipsiS,

310 2307 342 2370 in
365 2325 444 2389 quae
467 2327 501 2372 se
524 2311 644 2372 trusere
666 2309 737 2390 ipsi,
760 2327 955 2392 poenamque
979 2309 1119 2372 uolentes

225 2418 290 2472 266
313 2411 484 2476 humanam
507 2413 654 2477 inuenere
678 2431 779 2477 suoru.
803 2430 886 2477 nuno
910 2431 983 2496 ergo
1006 2429 1130 2476 reorum

311 2534 462 2598 personae
484 2518 645 2581 exululant
666 2518 785 2600 poenis,
810 2518 863 2600 qui
886 2519 1014 2581 numine
1037 2518 1117 2581 falso

312 2621 342 2684 di
365 2620 500 2702 fuerant,
524 2626 555 2685 et
577 2623 630 2704 qui
653 2624 785 2686 mentito
809 2622 939 2686 numine
962 2622 1052 2685 uiuos

312 2729 383 2788 anto
406 2725 456 2789 dei
478 2726 599 2790 cultum
622 2727 682 2791 sibi
706 2728 750 2791 nil
773 2728 908 2791 caeleste
931 2727 1073 2791 uidentes

312 2829 494 2894 dediderant
516 2830 668 2911 homiues,
692 2831 725 2894 hi
748 2850 841 2912 nuno,
865 2830 919 2895 ubi
941 2832 1060 2895 lumine
1084 2830 1199 2896 Christi

221 2940 288 2996 265
311 2952 387 2997 uera
408 2934 485 2998 tides
508 2935 619 3018 patuit,
644 2952 705 2999 nou
728 2939 861 3019 possunt
883 2936 965 3000 terre
988 2936 1138 3018 sepultos,

311 3038 367 3101 sed
390 3039 490 3120 magis
513 3042 550 3102 ut
572 3041 680 3120 pateat
702 3040 776 3121 quia
798 3058 882 3103 nunc
904 3039 946 3120 hi,
971 3041 1023 3122 qui
1046 3040 1222 3103 cruciantur

311 3141 477 3206 daemones
500 3146 573 3206 ante
596 3143 678 3206 fores
702 3146 757 3207 aut
780 3146 852 3207 ante
876 3144 1043 3227 sepulchra
1064 3143 1197 3227 piorum,

310 3245 394 3309 idem
417 3246 481 3310 sint
503 3246 558 3326 illi,
583 3246 697 3329 quibus
721 3248 795 3311 olirn
819 3266 911 3311 serua
933 3247 1045 3312 litabat

310 3368 387 3432 gens
410 3351 574 3414 hominum
597 3354 629 3413 et
651 3368 755 3415 sacros
778 3352 908 3415 demens
930 3350 1051 3415 libebat
1072 3352 1216 3431 honores,

218 3463 287 3517 270
310 3453 379 3536 ipsa
401 3454 492 3518 docet
513 3472 627 3518 uocum
651 3456 784 3537 species;
809 3472 882 3518 narn
906 3457 1029 3537 saepius
1052 3457 1107 3521 illu

311 3574 387 3620 uoce
410 3562 550 3640 gemunt,
575 3558 703 3623 solitum
728 3563 763 3622 ut
785 3576 896 3623 noscas
921 3560 1056 3624 clamore
1079 3561 1226 3625 furorem.

310 3661 356 3724 515
378 3662 563 3745 plerumque
586 3663 674 3727 uelut
695 3664 833 3727 resoluto
855 3663 954 3727 laxius
978 3682 1030 3728 ore

310 3765 403 3829 dente
425 3766 573 3847 fremunt,
597 3772 747 3851 spumant
768 3767 866 3831 labris
889 3767 1077 3850 horrentque
1101 3770 1231 3851 capillis,

246 4057 461 4115 2431515151Ε
511 4063 562 4117 245
581 4060 644 4115 55115
662 4062 686 4131 (5
698 4064 730 4117 in
740 4063 807 4131 rae.)
819 4064 857 4132 D,
876 4030 928 4117 5511ι
938 4064 975 4133 Ε,
992 4064 1041 4117 5511
1054 4065 1081 4118 Α
1134 4067 1294 4134 2165515111
1307 4065 1349 4119 A¹

197 4164 301 4203 scaeua
314 4148 379 4215 AD,
391 4150 514 4203 saeuaE
563 4149 677 4205 24851111
691 4152 721 4205 E
772 4154 823 4207 255
836 4151 894 4219 lege
907 4153 973 4220 AD,
986 4156 1064 4220 geute
1077 4154 1108 4207 E
1157 4156 1207 4208 261
1221 4153 1312 4222 paenis
1326 4156 1350 4205 Δ

195 4238 255 4291 262
282 4234 311 4287 di
329 4236 420 4302 ΑΒΔ,
445 4234 482 4289 dii
500 4237 530 4290 Ε
549 4235 702 4303 (doluerant
718 4238 813 4309 Dimp.
833 4245 942 4295 5551515
960 4240 1060 4309 Minp.)
1130 4240 1237 4294 nomine
1255 4242 1348 4310 Duop.

196 4328 319 4378 auctore
336 4324 425 4393 111159.
479 4322 541 4375 uiuo
560 4324 719 4379 comidior.
772 4324 925 4380 2681111515
939 4327 969 4380 E
1019 4328 1168 4382 sunthr.
1221 4326 1351 4383 2691115-

195 4410 250 4463 bat
271 4410 345 4464 Mor.
399 4411 448 4465 271
470 4408 584 4463 clamore
602 4411 640 4475 D,
659 4409 847 4467 51515515ΑΕ
897 4415 948 4468 272
967 4412 1082 4467 resoluto
1097 4415 1132 4483 E,
1151 4412 1279 4467 dissoluto
1292 4415 1350 4469 AD
