3217 4950
609 458 737 499 carmen
755 440 853 508 xm,
864 444 958 500 s-cl.

421 618 581 683 adsociata
602 618 662 703 piis
686 618 792 683 uiuere
816 620 964 685 conciliis.

287 730 327 785 35
374 740 469 787 causa
491 722 551 787 trit
571 723 627 788 leti
649 723 788 789 suffusus
811 724 954 790 lancibus
975 743 1076 806 umor,

422 844 483 909 quc
506 828 612 911 grauis
635 826 758 893 inllauit
779 829 881 894 lactea
902 829 985 894 cclla
1006 833 1120 911 tumor,

369 930 440 995 inde
462 950 625 1015 repressus
648 931 724 1015 abit,
747 932 803 999 sed
824 933 932 1015 lapsus
955 934 995 998 al
1016 933 1129 999 intima
1150 934 1232 1018 fugit

419 1036 557 1120 corperis
580 1037 736 1102 stultam
759 1036 932 1103 uisceribus
954 1038 1083 1121 pepulit.

369 1143 453 1205 terra
474 1158 565 1205 suam
587 1145 709 1224 purtem
731 1142 888 1207 tumulata
909 1160 1002 1207 carne
1024 1142 1151 1226 recepit,

286 1252 327 1307 40
424 1244 551 1327 spiritus
574 1245 715 1329 angelico
737 1249 848 1311 uectus
871 1245 939 1311 abit
959 1247 1088 1331 gremic.

370 1348 485 1413 deserti
507 1367 643 1415 uacnnm
665 1350 761 1415 funus
784 1350 899 1415 duxere
919 1354 1077 1434 parentes,

421 1452 532 1519 celsus
555 1454 588 1519 in
611 1454 732 1520 excelsu
754 1455 857 1520 laetus
880 1455 947 1540 agit
968 1474 1106 1522 nemcre.

369 1557 487 1642 parcite
510 1577 638 1642 quaeso,
659 1560 714 1643 pii,
737 1560 846 1625 multis
868 1578 1009 1644 peccare,
1030 1563 1187 1643 parentes,

419 1662 556 1746 fletibus,
579 1665 612 1729 in
635 1666 760 1749 culpam
783 1684 823 1729 ne
845 1666 946 1749 pietas
969 1666 1085 1730 ueniat

285 1774 325 1830 45
370 1768 551 1851 lupianum
574 1770 674 1853 pietas
697 1770 838 1834 animam
859 1770 967 1853 lugere
989 1767 1114 1834 beatam

420 1872 671 1956 gaudentemque
694 1872 751 1938 dec
773 1872 848 1937 flere
870 1890 986 1938 nccene
1008 1890 1098 1938 amur
1119 1876 1177 1939 est

368 1994 472 2044 ncnne
493 1981 580 2061 patet
603 1981 755 2061 quantum
777 1979 834 2043 tali
855 1979 973 2062 pietate
995 1979 1139 2044 trahatur

421 2086 609 2167 peccatum?
633 2084 793 2168 arguimur
815 2084 924 2148 fraude
947 2087 1054 2150 tenere
1075 2083 1172 2149 fidem

369 2190 424 2251 aut
445 2186 612 2271 reprobare
635 2188 685 2252 dei
707 2188 793 2272 leges
818 2205 920 2253 errcre
942 2186 1063 2270 rebelli,

285 2298 326 2354 50
423 2292 455 2355 ui
476 2292 601 2374 placcat
622 2292 712 2357 nobis
736 2291 819 2374 quud
840 2292 959 2376 placuit
981 2292 1116 2357 dominc.

369 2395 482 2460 iustius
505 2398 553 2460 est
574 2396 651 2461 istus
675 2396 840 2461 hominum
861 2396 969 2482 lugere
991 2395 1148 2479 ausuras,

419 2519 495 2584 quas
518 2500 651 2566 facimus
675 2505 799 2566 nostrae
822 2502 992 2586 degeneres
1014 2501 1148 2584 animae

368 2605 556 2670 inmemores
579 2605 672 2690 primi
695 2605 841 2670 caelestis
862 2605 1008 2689 imaginis
1030 2609 1130 2688 crtus,

420 2727 514 2792 quam
536 2713 662 2775 reuocat
684 2711 839 2776 miserans
862 2711 901 2775 ad
923 2729 982 2774 sua
1003 2728 1102 2795 regna
1123 2714 1221 2796 pater.

286 2821 325 2876 55
371 2815 458 2879 cuiue
482 2831 586 2880 amere
610 2832 697 2879 meus
720 2815 861 2899 suscepit
882 2815 966 2880 lilius
989 2818 1089 2897 artus,

418 2918 541 3004 uirgine
564 2922 744 3003 conceptus,
767 2919 890 3004 uirgine
912 2922 1005 2984 uatus
1027 2920 1132 3001 homo,

367 3025 480 3086 cuncta
500 3041 613 3106 gerens
635 3023 809 3103 hominum,
837 3026 966 3087 cunctas
989 3025 1021 3087 et
1042 3041 1169 3108 ccrpcre
1191 3022 1224 3087 in
1245 3040 1309 3088 nnc

419 3130 602 3193 cunctorum
625 3127 771 3193 dominus
794 3127 967 3212 suscipiens
989 3127 1138 3192 famulus.

366 3231 468 3296 iactus
492 3233 576 3297 enim
599 3233 682 3298 serui
705 3232 808 3298 icrma
829 3235 887 3312 est,
910 3233 964 3314 qui
986 3249 1130 3296 summus
1152 3230 1277 3316 agebat,

284 3343 324 3398 60
420 3335 522 3402 icrma
544 3336 594 3401 dei
616 3353 751 3421 regnans
774 3355 848 3402 cum
869 3339 959 3420 patre
980 3355 1055 3421 rege
1077 3336 1163 3401 deus.

366 3441 505 3524 suscepit
526 3441 661 3506 icrmcm
684 3441 767 3506 serui
789 3442 977 3525 culpamque
1000 3441 1145 3525 peremit,

419 3563 481 3629 qua
506 3563 625 3630 poenae
648 3549 680 3610 et
701 3547 813 3612 mcrtis
839 3545 997 3628 qucudam
1024 3545 1118 3611 hcmc
1141 3563 1251 3611 seruus
1274 3549 1349 3610 erat.

368 3653 398 3714 et
419 3650 560 3716 libertati
582 3651 737 3716 famulum
760 3649 820 3716 sub
841 3651 980 3735 imagine
1003 3651 1087 3716 serui

419 3758 526 3821 nostra
548 3773 618 3821 carc
643 3754 771 3821 effectus
794 3755 935 3822 restituit
957 3755 1113 3836 dominus,

255 3967 288 4020 35
306 3963 415 4020 lcetiO
476 3964 583 4020 suffusis
601 3964 629 4018 B
689 3962 788 4018 humor
804 3965 861 4020 BT
918 3967 952 4020 37
971 3963 1038 4018 abiit
1054 3963 1110 4020 ΒΟ
1166 3964 1254 4018 as.l2
1272 3969 1298 4019 ct
1315 3965 1350 4018 43

212 4054 269 4108 aaa.
285 4053 315 4121 T,
332 4069 383 4109 cm.
397 4051 473 4108 BOc
533 4051 648 4106 letnsl'
707 4067 824 4106 memore
843 4053 869 4106 Τ
926 4054 961 4108 49
979 4050 1117 4106 reuellil'
1166 4053 1200 4106 50
1218 4050 1258 4119 ni]
1276 4051 1351 4107 inO

212 4138 377 4194 alienarum
395 4139 544 4192 animarum
563 4137 626 4192 flere
643 4139 712 4194 ceni.
726 4138 903 4194 chtmeister
973 4139 1006 4194 52
1024 4141 1113 4192 nostre
1133 4138 1163 4202 T,
1181 4135 1258 4190 nobis
1274 4137 1350 4194 BOc

212 4225 246 4280 53
263 4225 345 4294 primi
365 4227 394 4294 T,
411 4226 512 4294 primos
530 4225 605 4280 BOc
656 4224 791 4294 ymaginis
811 4226 948 4295 lumper
1004 4226 1037 4280 st
1055 4225 1196 4278 hominnm
1215 4226 1245 4290 Τ,
1262 4222 1350 4278 horni-

211 4327 272 4366 nem
291 4313 367 4370 BOc
419 4315 528 4368 cunctas
545 4313 600 4368 ΒΟ
652 4311 968 4381 inuncBOqiil‘cT
1026 4309 1350 4380 58fcmulusT‚inmn-

211 4399 250 4454 lcs
268 4401 343 4457 Boc
397 4402 429 4455 61
448 4399 573 4470 peremit]
591 4398 695 4454 remisit
711 4399 739 4454 B
