3217 4950
596 405 622 459 S.
635 404 769 460 Paulini
787 404 909 460 Nolani
926 404 1072 476 episcopi

365 597 423 644 nee
445 579 485 644 ab
509 579 583 646 orbe
605 581 698 665 lenge
721 600 778 646 nee
799 584 957 646 remotum
978 581 1098 645 lumine

408 684 522 750 tenebo
545 684 632 750 fibris
655 685 797 766 insitum,

303 796 342 852 55
366 789 479 856 uidebo
502 790 604 871 eorde,
628 793 734 856 mente
757 790 937 874 conplentur
958 790 1011 874 pie

408 893 525 978 ubique
547 899 748 980 praesentem
771 895 859 960 mihi.

366 1003 398 1064 et
420 1017 492 1064 eum
515 999 637 1066 solutus
659 1001 813 1084 corporali
835 1017 958 1066 earcere

408 1107 553 1186 terraque
576 1105 789 1188 prouolauere‚

367 1226 428 1290 que
451 1227 502 1273 me
524 1209 635 1274 leuauit
657 1227 713 1274 are
735 1208 912 1274 eommunis
934 1209 1033 1291 pater,

303 1321 343 1376 60
408 1313 473 1378 illie
495 1332 620 1396 quoque
642 1315 746 1378 animo
769 1317 800 1378 te
822 1331 942 1398 geram.

366 1436 466 1500 neque
489 1417 561 1484 linis
584 1418 666 1483 idem
691 1418 744 1500 qni
766 1436 837 1482 mee
860 1437 912 1482 me
934 1435 1061 1501 serpere

409 1527 442 1587 et
464 1541 570 1588 amere
592 1521 711 1588 laxabit
733 1526 797 1588 tuo.

365 1645 455 1692 mens
478 1627 602 1712 quippe,
624 1627 721 1711 lapsis
744 1645 826 1709 quae
848 1629 1008 1710 superstes
1031 1625 1161 1691 artubus

410 1731 448 1795 de
470 1732 568 1815 stirpe
591 1731 683 1796 duret
705 1731 819 1812 caelin,

303 1842 343 1898 65
367 1853 479 1900 sensus
502 1855 630 1900 neeesse
654 1839 703 1900 est
725 1835 821 1900 simul
844 1839 876 1900 et
897 1835 1030 1902 allectus
1054 1853 1127 1900 sues

408 1939 543 2006 retineat
565 1944 602 2005 ut
624 1942 722 2006 uitem
746 1959 851 2015 suam3

366 2047 397 2108 et
419 2048 456 2109 ut
477 2034 557 2109 niori
580 2043 626 2108 sie
648 2043 792 2109 obliuisci
814 2062 877 2109 non
900 2044 993 2128 eupit,

408 2169 545 2233 perenne
568 2149 662 2214 uiuax
685 2152 717 2214 et
739 2166 869 2214 memor.

796 2393 869 2458 XII.

366 2570 479 2637 Inelite
503 2570 671 2651 confessor,
695 2570 816 2635 meritis
840 2573 873 2635 et
893 2569 1021 2635 nomine
1043 2569 1142 2651 Felix,

366 2694 455 2741 mens
478 2676 595 2758 pietate
617 2678 739 2758 petens,
763 2674 881 2739 summi
904 2693 993 2739 mens
1017 2675 1122 2739 areola
1144 2675 1225 2739 eaeli

365 2799 424 2845 nee
446 2780 551 2845 minue
574 2778 608 2844 in
629 2780 704 2843 tetis
728 2783 855 2863 experta
876 2778 1017 2862 petentia
1038 2779 1141 2859 terris,

365 2884 419 2967 qui
442 2884 604 2949 deminum
627 2882 786 2949 Christum
810 2902 873 2948 nen
895 2884 1001 2948 uineta
1023 2901 1099 2947 ueee
1122 2884 1282 2968 professus

325 2996 342 3052 ὁ
367 2988 595 3054 contemnende
617 2992 720 3053 truces
744 2989 888 3053 meruisti
911 2988 1043 3053 euadere
1065 3005 1192 3071 peenas,

305 3232 468 3300 5310ngum
486 3232 542 3296 Be,
564 3230 644 3300 longo
661 3249 683 3286 a
751 3246 799 3283 nec
818 3245 862 3283 ore
883 3229 963 3299 longe
982 3231 1027 3287 uel
1044 3246 1094 3285 nee
1111 3229 1174 3286 orbe
1190 3229 1209 3286 l.
1228 3247 1253 3286 n.
1272 3247 1294 3286 r.
1312 3229 1407 3285 limine

261 3322 330 3377 ceni.
350 3320 445 3376 Secu.
516 3321 550 3374 54
568 3318 650 3373 labris
668 3336 688 3373 a
754 3335 794 3374 us.
814 3320 849 3374 56
866 3324 891 3373 ut
908 3322 942 3375 57
961 3337 1012 3375 om.
1030 3337 1052 3374 se
1115 3321 1149 3375 58
1166 3322 1290 3389 terreque
1307 3335 1369 3373 eum
1384 3337 1407 3375 aa

260 3405 437 3476 prelaueroo
490 3408 523 3462 59
535 3404 658 3461 locariO
709 3407 743 3461 60
761 3404 851 3459 animo
863 3408 891 3459 te
908 3407 978 3461 ceni.
990 3407 1175 3477 Zeehmeisten
1193 3409 1221 3461 te
1233 3406 1406 3477 animumne

261 3494 299 3562 Β)
321 3494 421 3549 Boea
490 3494 524 3548 62
547 3492 648 3547 laxauit
670 3492 726 3548 ΒΟ
795 3492 837 3546 tui
858 3510 875 3548 v
943 3495 978 3549 63
1000 3492 1102 3547 artibus
1119 3512 1140 3549 π
1209 3496 1244 3549 64
1261 3497 1352 3565 styrpe
1373 3494 1406 3562 0,

261 3581 360 3651 stirpes
378 3581 405 3635 B
470 3579 537 3633 dura
554 3579 609 3636 ΒΟ
661 3582 695 3635 66
713 3578 829 3635 retineat
845 3580 915 3636 ceni.
938 3578 1088 3648 Οὴαίιὶαίκ,
1106 3583 1198 3635 teneat
1213 3581 1297 3649 ΒΟυ,
1315 3583 1408 3635 teneat

261 3684 342 3736 aeque
355 3667 447 3735 (aeque
460 3668 523 3722 add.
538 3666 591 3735 13⁸)
604 3668 663 3735 Ba,
682 3667 720 3720 eie
733 3669 824 3721 teneat
835 3668 903 3723 ceni.
917 3666 1095 3723 Zectaumter
1148 3670 1181 3723 67
1194 3666 1275 3738 mori]
1287 3684 1374 3723 mares
1385 3686 1406 3723 a

261 3758 295 3811 68
307 3753 442 3823 perhenne
454 3755 489 3819 Β,
502 3752 664 3823 perhempne
675 3771 696 3808 a
748 3752 864 3807 uineta
883 3782 916 3791 —
934 3752 1056 3817 llnitB,
1067 3753 1126 3807 nale
1139 3752 1250 3808 domum
1262 3753 1374 3809 illustris
1385 3772 1407 3809 a

303 3840 365 3895 XII.
385 3840 562 3911 ABDEQru
581 3844 605 3892 A
622 3842 680 3895 enh.
696 3858 736 3895 ue.
750 3844 844 3895 1—30.
864 3868 897 3878 —
915 3839 1015 3909 Incipit
1032 3840 1066 3895 de
1084 3840 1173 3895 natale
1192 3840 1241 3895 dm
1257 3841 1341 3896 felicis
1359 3842 1408 3911 qui

261 3927 419 3983 obseruatur
441 3926 483 3981 die
501 3926 611 3981 xvm-
630 3926 662 3981 kl
679 3926 738 3979 le'nr
761 3929 788 3980 et
809 3926 839 3979 hi
861 3929 925 3980 snut
945 3926 1027 3995 primi
1050 3943 1116 3996 quos
1133 3928 1162 3981 in
1179 3928 1300 3997 hispanis
1318 3927 1407 3983 adhue

259 4016 363 4085 positus
381 4014 446 4069 lecit
457 4016 493 4083 B,
511 4014 607 4083 ineipit
624 4013 693 4067 liber
709 4014 813 4083 primus
831 4012 871 4067 em
887 4012 991 4082 paulini
1009 4014 1099 4068 nolani
1117 4013 1161 4081 epi
1178 4014 1207 4068 in
1224 4013 1332 4069 laudem
1343 4013 1407 4069 bee-

260 4102 359 4157 tissimi
371 4118 402 4156 ae
414 4102 577 4156 sanctissimi
595 4100 680 4155 felinis
697 4116 782 4171 papae
800 4104 880 4169 atque
897 4100 1056 4155 eonleasoria
1066 4100 1111 4171 fp‘r
1123 4103 1160 4169 D,
1178 4100 1282 4171 paulini
1294 4101 1408 4157 sanatis·

261 4188 322 4243 simi
345 4192 424 4258 atque
447 4188 594 4243 beatissimi
617 4188 733 4259 episcopi
755 4188 847 4243 nolani
870 4188 898 4241 in
921 4187 1029 4243 laudem
1047 4190 1133 4245 saneti
1150 4188 1248 4244 Felicis
1266 4188 1364 4245 Nolani
1384 4191 1412 4246 T

260 4295 301 4333 aa.
322 4278 389 4332 1-3
411 4294 462 4333 oar.
481 4276 536 4345 ΑΟ
624 4275 723 4345 inelyte
740 4276 796 4333 DA
882 4292 924 4332 aa.
942 4277 959 4333 2
978 4283 1003 4333 et
1020 4278 1037 4331 3
1058 4294 1110 4334 ern.
1129 4277 1207 4331 ABe
1293 4279 1311 4333 8
1328 4276 1409 4347 tam]

260 4362 354 4417 multis
373 4364 403 4418 D
472 4366 488 4418 4
506 4362 650 4432 christum]
668 4362 726 4417 ihm
745 4364 803 4419 AD
872 4378 927 4416 non
945 4363 1048 4433 uineta]
1067 4364 1201 4418 ennatanti
1219 4364 1293 4419 Rue
