3217 4950
263 448 312 506 XX
747 446 925 507 Praefatio.

307 647 354 692 us.
372 626 434 690 199
942 625 1009 690 rint
1029 625 1136 689 matta
1158 626 1310 707 locorum,

367 730 471 794 malta
494 731 657 794 torninam
680 729 800 794 stadiis
822 729 962 812 inculta,
985 730 1134 816 repertio
1157 729 1270 816 lipom,

368 835 560 921 quaeregio
584 835 703 920 agresti
727 834 819 898 culta
842 832 950 898 caret?
989 845 1047 897 aut
1070 834 1151 919 quid
1172 834 1214 897 in
1235 833 1327 898 istis

367 937 551 1024 inprobitas
574 938 685 1008 alieno
708 937 818 1002 aocet?

263 1079 325 1126 non
349 1061 386 1125 de
410 1061 548 1144 inprobis
568 1062 747 1127 hominibus
770 1061 802 1125 in
825 1063 1007 1126 uniuersum
1031 1061 1144 1146 agitur,
1167 1061 1223 1126 sed
1246 1063 1284 1124 de
1304 1062 1404 1125 horni-

266 1185 342 1229 num
366 1164 499 1247 feritate,
528 1184 622 1248 qnam
646 1166 679 1230 in
701 1165 883 1250 regionibus
905 1166 978 1246 illis,
1005 1166 1060 1230 ubi
1082 1166 1233 1230 Paulinus
1256 1171 1404 1244 moretur,

263 1289 393 1353 regnare
420 1267 580 1335 Ausonius
609 1273 713 1354 putat;
752 1271 854 1353 aptius
884 1271 979 1354 igitur
1009 1270 1051 1331 ia
1080 1270 1173 1333 istie
1202 1270 1337 1351 uidetur,
1368 1275 1404 1334 ut

264 1373 344 1439 BOn
368 1372 520 1454 scribunt,
544 1391 638 1456 quam
661 1373 810 1456 terratis,
833 1391 913 1456 quae
936 1375 1077 1439 eodienm
1093 1374 1122 1438 V
1137 1379 1168 1439 et
1182 1374 1213 1438 N
1231 1378 1280 1439 est
1301 1374 1402 1438 lectio.

308 1523 355 1568 us.
372 1501 437 1566 234
465 1503 545 1587 qaid
571 1525 733 1566 numerent
760 1503 902 1590 apropiae
928 1503 1025 1568 terrie
1054 1513 1083 1568 et
1108 1502 1273 1567 moenibus
1299 1501 1403 1582 arbee,

467 1629 532 1692 qua
553 1608 714 1694 geminam
729 1607 822 1695 felice
844 1607 1015 1694 Hispania
1036 1608 1139 1672 teredii
1161 1609 1198 1672 in
1219 1630 1349 1693 aequor,

464 1733 529 1796 quo
548 1711 665 1776 Baeti
683 1710 845 1776 Oceanum
864 1713 895 1776 Τ
889 1714 1125 1799 perterruitque
1147 1722 1242 1799 aupet
1261 1710 1404 1775 Hibero?

265 1844 297 1907 in
318 1843 368 1906 his
392 1841 494 1907 uerbis
518 1843 632 1907 uitium
653 1839 731 1906 tetis
753 1844 899 1908 omnibns
919 1844 1006 1909 libris
1027 1860 1193 1908 eommune
1216 1845 1351 1909 alterum
1372 1843 1404 1907 in

265 1947 348 2011 VNn
375 1947 496 2030 peperit
521 1944 662 2010 litterae.
700 1965 772 2011 eum
801 1947 827 2013 0
856 1953 888 2012 et
914 1949 940 2012 B
967 1945 1076 2010 hibero
1104 1947 1279 2029 exhibeant,
1307 1945 1405 2010 Baeti

265 2051 440 2132 quantitate
463 2049 603 2133 syllabae
624 2051 734 2134 prioris
759 2055 886 2116 seruata
907 2052 1107 2117 scribendum
1131 2072 1199 2117 esse
1222 2056 1360 2135 apparet.

308 2173 394 2236 Haeo
426 2172 583 2237 sufficiant
609 2173 649 2236 ad
677 2173 906 2239 decernendum
933 2175 1143 2258 principatum
1172 2177 1255 2240 inter
1284 2174 1404 2239 oodioes

265 2273 348 2340 Oet
370 2275 400 2337 V
416 2293 586 2359 eorumque
613 2276 761 2341 familias.
800 2278 838 2341 de
865 2278 969 2342 oodioe
991 2279 1135 2343 Parisino
1161 2279 1257 2363 igitur
1278 2279 1310 2343 in
1338 2297 1405 2342 aar·

266 2379 402 2444 minibus
423 2379 621 2446 recensendis
641 2381 724 2445 idem
740 2382 823 2463 quod
842 2381 874 2445 in
896 2383 1038 2465 epistulis
1058 2383 1153 2463 ualet,
1173 2387 1299 2466 propter
1319 2402 1404 2447 sum-

265 2504 350 2549 mam
373 2486 585 2569 integritatem
614 2486 783 2570 scripturas
811 2486 878 2551 eius
905 2488 972 2551 sine
1000 2506 1095 2552 eausa
1117 2506 1179 2552 non
1207 2508 1275 2552 esse
1299 2488 1404 2572 negle-

265 2589 391 2672 gendas.
421 2590 538 2654 maiore
558 2591 702 2654 cautione
722 2592 753 2655 in
775 2591 933 2656 codicibus
950 2590 1020 2657 Vet
1039 2590 1078 2654 N
1093 2610 1170 2676 opus
1191 2595 1249 2673 est,
1272 2610 1402 2676 quornm

264 2691 304 2754 N
321 2694 470 2775 medium,
494 2697 529 2758 ut
552 2693 699 2775 uidimus,
723 2696 803 2759 inter
826 2693 853 2756 0
875 2701 908 2760 et
929 2694 1061 2761 Vtenet
1083 2697 1197 2778 looum,
1220 2698 1295 2761 dnm
1318 2696 1357 2758 H
1374 2701 1405 2760 et

266 2819 287 2857 n
310 2798 548 2881 interpolatione
569 2798 602 2862 in
626 2798 670 2863 eis
693 2798 793 2883 magis
816 2803 982 2884 grassante
1004 2802 1037 2865 in
1060 2802 1149 2885 peius
1173 2805 1318 2885 uergnnt.
1350 2802 1404 2864 sed
1540 2791 1542 2794 ’

266 2919 366 2984 panea
389 2906 463 2966 sunt
485 2903 634 2983 earmina,
661 2919 741 2985 quae
763 2906 897 2986 utraque
920 2905 1060 2969 eodionm
1084 2906 1248 2969 traduntur
1270 2905 1403 2978 familie;

265 3006 296 3069 in
320 3006 461 3089 pluribus
485 3006 612 3071 alterins
636 3008 734 3071 utrius
758 3008 1247 3093 testimoniis1·esagendaest;
1272 3010 1302 3073 in
1327 3028 1404 3074 non-

266 3110 360 3174 nullis
388 3110 440 3174 alii
468 3110 588 3175 oodioes
616 3130 717 3195 neque
744 3112 767 3176 ii
795 3112 890 3176 ullius
917 3114 1010 3196 pretii
1033 3114 1195 3193 accedunt,
1224 3113 1305 3195 qnod
1328 3114 1405 3178 haee

265 3213 373 3277 tabula
396 3213 543 3278 ostendit:

265 3353 392 3399 carmen
439 3334 467 3399 1.
505 3334 526 3397 2
559 3335 685 3401 exhibet
717 3334 748 3399 V

318 3490 334 3523 ῃ
434 3438 524 3503 4.5
606 3489 622 3525 ,,
716 3438 794 3504 VN

502 3542 522 3605 6

433 3643 461 3710 7.
501 3645 521 3708 9

317 3798 332 3830 ,,
501 3749 521 3813 8

411 3852 516 3917 10.11

479 3957 516 4021 ll

474 4062 517 4124 22
1143 4069 1404 4134 FLMPUtz

475 4164 517 4228 24

474 4270 513 4332 31
598 4320 613 4351 „

475 4374 516 4437 33
599 4426 615 4459 „

605 3593 621 3629 n

604 3698 620 3732 n
