3217 4950
593 429 722 469 carmen
740 414 991 480 mmm-85.

326 590 359 653 in
381 608 442 673 qno
464 590 604 655 conubiis
627 590 715 655 nulla
736 590 919 671 necessitas,

264 702 305 757 60
327 712 419 759 sexus
441 695 598 778 perpetuis
621 694 802 778 corporibus
825 694 922 778 perit!

370 904 491 969 Rursus
513 908 550 969 nt
571 904 648 969 haec
670 903 757 986 dixit,
780 902 885 968 subita
906 906 996 986 qnasi
1017 908 1119 969 morte
1141 907 1263 970 solutus

327 1027 500 1092 exanguem
522 1011 666 1091 porrecta
687 1008 784 1073 trahit
804 1026 861 1091 per
882 1008 1026 1073 membra
1048 1008 1192 1095 rigorem.

326 1116 360 1177 at
382 1114 501 1195 trepida
523 1116 555 1177 et
576 1112 654 1177 uisis
677 1113 826 1177 exterrita
848 1112 964 1177 talibus
986 1129 1062 1177 uxor

327 1217 458 1281 soluitur
480 1218 513 1281 in
536 1218 673 1300 speciem
694 1216 760 1298 leti,
783 1218 849 1282 iarn
871 1220 961 1282 muta
983 1220 1151 1282 trementes

265 1328 304 1383 65
328 1322 429 1386 tendit
450 1323 482 1386 in
505 1340 559 1387 cra
581 1338 696 1385 manus
718 1321 931 1405 membrisque
952 1322 1073 1386 intenta
1094 1322 1225 1387 iacentis

325 1427 443 1509 pendet
463 1428 496 1491 in
519 1427 697 1491 exanimum
722 1426 887 1510 pallentior
910 1426 980 1508 ipsa
1001 1427 1160 1491 maritum.

327 1534 395 1616 ipsa
418 1531 513 1595 fidem
534 1531 642 1595 mortis
666 1530 777 1595 suadet
799 1548 901 1605 mora3
924 1548 1061 1614 namque
1082 1530 1132 1595 bis
1155 1534 1224 1596 acto

327 1636 401 1701 orbe
423 1636 535 1717 duplex
557 1635 701 1699 reuoluta
723 1634 800 1715 dies,
823 1633 873 1699 bie
896 1653 1027 1717 uespere
1049 1637 1158 1700 clausa
1179 1638 1237 1715 est,

327 1741 474 1805 mortales
497 1741 602 1805 oculos
625 1740 699 1803 dum
723 1739 804 1804 fallit
826 1739 936 1804 mortis
958 1739 1072 1823 imago.

267 1854 305 1909 7ο
329 1846 381 1909 ille
405 1847 510 1909 autern
533 1844 682 1927 angelicis
705 1843 852 1908 manibus
874 1862 930 1925 per
952 1843 1061 1908 nubila
1081 1848 1190 1927 raptus

326 1950 459 2031 liquerat
480 1948 650 2032 hospitium
671 1948 835 2031 repetendi
857 1948 994 2030 corporis
1017 1951 1050 2013 ct
1071 1951 1147 2013 tnnc

327 2052 456 2118 aetherii
479 2054 600 2117 secreta
620 2053 684 2135 poli
707 2052 859 2135 sedesque
881 2052 991 2117 beatas

327 2157 488 2241 spectabat
512 2161 705 2223 monstrante
729 2158 786 2222 deo
809 2158 1000 2241 dignataqne
1022 2155 1147 2223 Christo

328 2280 417 2327 mens
439 2262 502 2346 pia,
525 2262 600 2327 dum
622 2262 715 2327 fletur
738 2262 840 2343 tonia,
862 2260 1020 2347 gaudebat
1041 2262 1074 2325 in
1097 2262 1200 2342 astris,

266 2374 305 2429 75
328 2366 387 2430 hoc
410 2370 535 2431 tantum
559 2384 712 2447 maerens,
735 2366 818 2449 quod
840 2365 942 2430 adhuc
963 2362 1117 2449 remea<re
1140 2365 1286 2452 timelret.

328 2471 464 2537 demissa
485 2491 613 2537 excessu
635 2471 725 2554 redit,
749 2475 786 2536 ut
808 2473 976 2554 conspecta
997 2469 1127 2536 referret

328 2575 528 2658 firmaretque
551 2575 645 2640 fidem
669 2576 870 2641 dubitantnm
893 2577 1000 2640 uiuere
1023 2575 1157 2640 functos.

326 2665 424 2763 utque
446 2681 541 2745 redux
565 2681 714 2746 membris
737 2681 883 2746 admotae
906 2681 1047 2766 coniugis
1069 2698 1124 2744 ora

328 2785 416 2866 uidit,
438 2785 594 2868 pollicitus
618 2786 764 2868 quiddam
788 2785 933 2851 mirabile
956 2803 1025 2850 sese

264 2897 305 2952 80
328 2889 494 2971 dicturum,
517 2890 549 2954 in
571 2891 675 2955 lucem
699 2909 757 2955 sna
779 2891 903 2956 ustum
924 2907 996 2955 orsa
1017 2893 1213 2972 aequantem.

372 3099 455 3183 Ergo
478 3099 544 3164 dies
566 3100 684 3182 primos
708 3097 761 3164 ubi
784 3101 922 3164 crastina
942 3099 1031 3164 iuleit
1052 3099 1085 3161 in
1109 3101 1206 3178 ortus,

327 3223 420 3270 mane
443 3223 524 3271 nouo
547 3205 642 3269 sacris
666 3203 787 3288 (aderat
810 3223 884 3269 narn
906 3203 1001 3285 forte)
1025 3201 1169 3267 sacerdos

327 3309 479 3393 iungitur,
503 3313 598 3392 utque
621 3310 672 3392 pic
694 3309 794 3393 gessit
816 3308 969 3373 solemnia
990 3308 1088 3388 cultu,

328 3415 500 3497 suspiciens
525 3415 646 3478 caelum
669 3414 722 3478 ille
746 3431 858 3478 manns
882 3412 1041 3496 dispendit
1063 3415 1094 3477 et
1116 3414 1149 3476 in
1172 3430 1205 3476 se

268 3526 307 3581 85
331 3518 478 3583 bracchia
499 3519 716 3602 constringens
740 3517 830 3600 quasi
853 3517 1007 3600 quaedam
1030 3535 1162 3582 munera
1183 3517 1270 3580 caelo

267 3765 301 3818 59
319 3760 445 3816 connubii
464 3762 522 3816 edd.
584 3763 619 3816 62
637 3776 741 3829 nanque
761 3761 793 3815 N
854 3762 888 3815 64
905 3759 969 3812 laeti
988 3761 1022 3815 N
1083 3760 1215 3812 renuentes
1233 3759 1267 3813 N
1281 3757 1359 3826 (corr.

224 3867 258 3904 m.
271 3849 299 3918 3)
378 3851 411 3904 65
429 3848 539 3903 iacentia
556 3848 692 3914 Bruma,
709 3845 821 3901 lucentis
838 3847 878 3915 N,
899 3845 1007 3900 lacertis
1024 3844 1071 3900 N⁸
1158 3846 1192 3899 70
1210 3843 1313 3898 nubilis
1330 3845 1366 3900 N

224 3939 258 3992 72
284 3934 543 4003 sacrata—sedisque
569 3934 663 3989 beatus
684 3935 720 3990 N
738 3933 816 4002 (cors.
835 3951 870 3989 rra.
887 3932 916 4001 3)
1003 3933 1037 3987 73
1063 3929 1201 4001 spectabat
1225 3931 1361 4000 Brucida,

224 4022 379 4093 expectabat
396 4023 435 4091 N,
453 4023 573 4092 expectat
590 4022 623 4077 N
625 4021 637 4054 ⁸
724 4023 759 4076 74
777 4021 874 4075 assiria
891 4019 915 4087 (r
932 4020 1011 4087 crus)
1029 4019 1063 4074 N
1144 4021 1178 4074 75
1195 4017 1258 4086 hoc]
1276 4033 1361 4070 unum

223 4111 287 4166 odd.
301 4111 335 4166 N
343 4114 408 4166 aad
482 4124 534 4177 quo
551 4110 585 4165 N
600 4107 678 4175 (corr.
692 4126 726 4163 m.
739 4109 767 4177 3)
845 4122 962 4161 remeare
979 4105 1088 4160 timeret
1104 4106 1212 4176 scripsi,
1230 4107 1361 4158 remearet

223 4197 306 4265 (earet
323 4199 355 4253 ira
370 4197 436 4266 roe.)
455 4198 492 4261 N,
510 4212 627 4250 remmre
644 4199 765 4250 maneret
781 4196 851 4252 coni.
870 4195 997 4250 Brmxdcs
1069 4195 1104 4247 76
1121 4191 1237 4245 demissa
1254 4205 1361 4245 excessu

222 4287 330 4355 scripsi,
348 4301 378 4339 ex
394 4301 473 4338 cursu
487 4283 602 4337 demissa
614 4284 652 4351 N,
670 4299 700 4336 ex
713 4299 792 4336 cursu
805 4281 892 4337 medic
904 4281 962 4336 edd.
969 4301 976 4344 ;
995 4277 1111 4333 demissa
1122 4295 1152 4333 ex
1165 4295 1244 4333 cursu
1256 4284 1359 4348 trunap.

223 4373 349 4428 Braodes
401 4373 433 4428 8l
452 4371 554 4440 primus
574 4371 606 4425 N
621 4370 698 4439 (corr.
712 4387 745 4424 m.
758 4372 786 4438 3)
