3217 4950
583 472 711 513 carmen
728 456 984 523 XXXI,301-855.

367 634 500 718 deniqne
523 633 606 717 quod
627 632 723 699 uerbo
747 632 824 698 dixit
843 632 960 698 uirtute
982 632 1138 715 probauit,

263 747 324 803 330
419 740 487 823 ipse
510 756 603 803 snum
626 756 777 803 reuocans
801 757 838 801 ex
861 737 965 821 abysis
988 737 1159 817 hominem,

367 846 507 927 tempore
527 860 718 926 quamquam
733 844 786 907 illo
803 861 866 907 non
880 846 1006 907 tantum
1021 842 1054 906 in
1069 859 1197 923 corpore
1213 839 1354 905 Christus

419 948 510 1031 signa
533 966 589 1012 suo
611 947 741 1028 dederit,
765 965 837 1011 cum
860 964 951 1011 cruce
974 946 1074 1010 uictor
1097 944 1171 1009 obit.

368 1069 503 1134 namque
526 1056 562 1117 ut
584 1052 743 1116 concussis
767 1051 915 1135 patefecit
936 1054 1055 1115 tartara
1077 1049 1169 1115 terris

421 1160 453 1221 et
475 1156 618 1221 uinctum
641 1156 763 1221 inferno
787 1174 910 1221 carcere
933 1156 1027 1220 soluit
1047 1154 1163 1235 Adam,

263 1268 324 1325 335
370 1260 446 1327 fissa
467 1265 667 1345 resurgentes
690 1265 843 1345 ruperunt
865 1278 941 1325 saxa
962 1260 1088 1344 sepulti,

421 1368 453 1431 et
475 1383 575 1431 nouus
598 1367 629 1430 in
653 1372 764 1431 sancta
786 1365 892 1431 floruit
913 1364 992 1430 mbo
1014 1364 1129 1429 tholus.

368 1470 515 1535 uiderunt
538 1470 630 1535 multi
652 1473 797 1535 ueterum
820 1474 971 1536 renouata
992 1470 1117 1553 piorum

420 1590 548 1658 corpora
570 1575 722 1640 descensu
746 1574 907 1639 uiuificata
929 1574 987 1638 dei.

368 1682 444 1743 tunc
467 1678 563 1743 etiam
586 1679 695 1761 refugo
718 1683 864 1743 caecatus
888 1679 1007 1743 lumine
1030 1678 1166 1742 mundns

262 1790 324 1846 340
421 1786 548 1847 aeterna
570 1783 677 1847 timuit
700 1786 789 1847 nocte
812 1784 898 1866 piare
920 1782 1018 1847 neias.

369 1890 445 1951 tunc
468 1890 498 1951 et
522 1886 652 1951 discisso
675 1887 793 1951 nudato
817 1887 928 1951 altaria
951 1888 1022 1951 usio

420 1985 554 2055 amis'ere
577 1992 657 2055 sacri
680 1992 862 2075 religionem
885 1992 981 2075 adyti,

367 2098 403 2159 ut
426 2098 654 2161 monstraretur
677 2096 875 2161 uacuandum
899 2097 1027 2160 numine
1050 2095 1204 2178 templum

420 2202 452 2265 st
474 2200 540 2265 iore
563 2198 602 2264 ab
625 2199 731 2265 hostili
755 2204 866 2265 sancta
886 2201 1017 2284 profana
1040 2218 1147 2278 mauu,

266 2311 327 2367 345
372 2304 453 2386 quod
476 2303 554 2369 duce
577 2304 718 2370 Romano
742 2306 849 2369 docuit
869 2308 943 2388 post
965 2304 1064 2369 exitus
1088 2305 1198 2388 ingens

421 2410 538 2475 euersis
561 2409 679 2494 templo
703 2409 825 2475 ciuibus
848 2409 925 2475 urbe
948 2410 1053 2473 sacris.

369 2513 418 2578 fas
441 2514 568 2595 etenim,
592 2518 627 2580 ut
649 2514 775 2596 Iudaea,
798 2515 848 2579 cui
871 2533 948 2580 suus
969 2514 1073 2579 hostia
1096 2513 1240 2579 Christus

418 2635 481 2682 non
505 2623 574 2683 erat
595 2623 628 2683 et
650 2637 706 2702 per
729 2637 825 2702 quam
848 2620 978 2683 uictima
1001 2617 1144 2684 christus
1167 2621 1245 2698 erat,

368 2722 440 2787 sede
462 2722 592 2805 locoque
616 2724 711 2788 simul
733 2728 876 2788 ueterum
900 2724 1029 2788 uiduata
1051 2740 1222 2803 sacrorum,

264 2833 334 2890 350
421 2825 556 2892 infitiata
578 2827 683 2908 fidem,
706 2827 852 2910 perderet
874 2845 967 2893 omne
990 2845 1125 2892 sacrum.

369 2930 439 2995 finis
463 2932 546 2996 enim
569 2932 648 3015 legis
673 2931 830 3012 Christus,
854 2932 928 3014 quia
950 2933 1019 3015 lege
1042 2931 1127 2996 fideli

420 3037 598 3120 praedictus
621 3037 682 3121 legi
706 3038 755 3101 lex
779 3037 933 3101 ueniendo
957 3037 1025 3116 fuit,

367 3140 583 3224 praescribens
606 3142 704 3206 ueteri
727 3140 824 3206 finem
846 3142 1012 3224 legemque
1034 3139 1116 3222 fidei,

419 3245 522 3330 legem
545 3246 716 3329 prophetae
739 3245 887 3330 gentibus
909 3246 1087 3310 instituens.

262 3357 323 3414 355
370 3350 452 3415 unde
476 3351 626 3436 magister
649 3351 708 3416 ait:
732 3355 842 3415 uetera
864 3350 1010 3415 effluxere
1033 3351 1168 3432 peractis

315 3539 378 3609 cas]
397 3540 493 3594 nance.
507 3542 549 3605 ar,
562 3542 603 3596 sa.
617 3541 658 3595 53.
712 3540 775 3610 355]
795 3539 834 3608 (11
854 3539 912 3596 eor.
926 3543 950 3604 5,
967 3541 1017 3608 ιι).

256 3715 307 3770 333
326 3712 428 3782 abyssis
450 3714 482 3782 Ο,
501 3713 612 3782 abyssys
630 3715 666 3782 B,
685 3712 784 3766 habitis
804 3713 834 3781 Τ,
853 3712 938 3767 erebia
956 3731 972 3768 5
1033 3715 1082 3768 331
1102 3715 1224 3782 tempora
1245 3714 1268 3769 0
1328 3711 1357 3765 in

215 3802 299 3856 Tel.
352 3802 403 3858 334
416 3799 554 3856 inferniT
603 3801 654 3855 335
667 3800 893 3870 ruperuutBOo,
906 3801 1104 3870 superarunt?
1153 3802 1302 3855 aseneum
1318 3797 1356 3854 0¹

212 3889 241 3942 iu
259 3891 350 3942 sancta
368 3888 395 3942 Β
413 3905 434 3942 5.
448 3889 464 3942 l.
478 3905 512 3944 m.
526 3893 551 3956 3,
570 3886 662 3943 oonO
726 3894 791 3958 post
810 3887 902 3941 floruit
919 3888 1101 3957 55555550
1164 3885 1255 3940 tholus
1272 3887 1357 3957 BOo,

214 3975 354 4029 chorusT
413 3975 463 4031 338
482 3974 590 4028 descens
609 3975 636 4030 B
696 3975 747 4030 341
768 3974 880 4028 discisso
900 3975 930 4041 Τ,
949 3975 1067 4027 discusso
1086 3973 1161 4029 ROo
1225 3976 1276 4028 342
1293 3973 1356 4027 reli-

214 4061 293 4130 gione
310 4062 365 4118 ΒΟ
452 4061 519 4115 aditi
538 4063 620 4117 BOT
704 4063 756 4118 344
774 4061 832 4115 iore
849 4079 873 4129 o,
891 4061 961 4115 forta
979 4062 1061 4116 ΒΟΤ
1144 4063 1194 4118 343
1213 4065 1245 4114 ut
1262 4063 1359 4117 ooaT

213 4151 264 4206 343
282 4165 336 4204 uon
354 4151 411 4202 erat
429 4149 508 4216 Boo,
527 4151 638 4202 nouerat
657 4149 683 4203 Τ
749 4163 895 4218 perquam
914 4148 998 4214 BOo,
1015 4163 1063 4216 pro
1082 4148 1181 4215 quaT
1245 4151 1297 4204 350
1314 4149 1355 4202 iu-

213 4235 303 4290 ticiatu
320 4237 376 4290 ΒΤ
457 4234 567 4304 perdere
585 4234 640 4290 ΒΟ
727 4235 940 4290 coaretatur
1024 4237 1075 4289 354
1094 4233 1212 4303 profetae
1230 4234 1356 4302 gentibus

217 4323 248 4392 0,
265 4322 441 4391 prophetante
460 4321 585 4390 gentibus
606 4323 636 4386 Τ,
655 4321 785 4392 propheta
804 4321 956 4388 tegentibus
974 4321 1010 4388 B,
1034 4319 1180 4388 perfectam
1199 4321 1324 4388 gentibus
1341 4341 1357 4376 5

213 4411 263 4464 355
283 4407 455 4461 exfluxereT
