3217 4950
614 418 641 473 S.
654 418 787 473 Paulini
806 418 927 471 Nolani
945 419 1094 487 episcopi

388 598 558 677 aequantes
583 594 631 659 his
655 598 741 659 astra
762 595 835 677 poli,
858 595 909 658 his
932 595 1054 658 telluris
1077 594 1237 659 harenam.

388 699 479 763 oredo
503 699 646 781 equidem
670 716 726 763 uos
750 697 851 763 officio
872 698 1000 782 pietatis
1023 698 1063 762 ad
1085 698 1182 763 istum

388 804 525 886 undique
549 805 733 868 oonuenissa
757 804 840 867 diem
863 803 976 867 Feliois
998 821 1115 883 amore,

389 910 424 971 nt
447 908 634 973 confessoris
658 907 734 972 sooii
757 907 920 973 celebretis
943 908 1104 972 honorem.

304 1020 365 1076 225
389 1030 450 1077 non
476 1015 581 1076 autem
605 1012 685 1077 tanti
709 1012 785 1077 mihi
809 1030 881 1077 snm
903 1016 1122 1095 praesumptor
1143 1012 1282 1091 honoris,

389 1120 424 1181 ut
446 1121 570 1182 sanatos
592 1117 705 1183 ideireo
729 1117 809 1181 mais
832 1117 924 1182 modo
946 1118 1088 1201 protinus
1111 1135 1221 1182 omnes

389 1221 533 1287 sensibus
557 1222 716 1305 adspirare
737 1240 846 1304 precer
868 1223 957 1303 qnasi
981 1240 1110 1286 munere
1133 1225 1220 1286 tanto

390 1327 514 1410 dignun,
539 1330 573 1391 ut
595 1327 651 1391 illa
673 1345 743 1391 meo
766 1330 893 1392 resonet
914 1344 975 1391 nor
998 1327 1129 1391 turturis
1152 1345 1215 1406 ore,

389 1450 484 1513 quam
508 1434 610 1496 totum
633 1431 727 1496 tellus
751 1431 871 1496 audiuit
892 1432 977 1497 laeta
998 1451 1054 1514 per
1076 1432 1195 1512 orbem,

306 1544 367 1599 230
392 1536 446 1601 sed
470 1536 623 1618 quianon
646 1536 752 1601 diuina
774 1536 863 1601 decet
886 1536 998 1601 Felicis
1020 1537 1171 1601 honorem

389 1645 422 1703 et
444 1642 517 1722 quia
538 1640 677 1721 Nicetes,
702 1640 820 1706 domini
842 1660 920 1724 puer
942 1645 1038 1723 atque
1061 1641 1216 1720 sacerdos,

335 1786 355 1829 ,,
389 1745 561 1829 longinqua
582 1746 693 1809 tellure
716 1745 795 1809 mihi
818 1745 910 1811 modo
932 1746 1049 1809 missus
1073 1746 1111 1809 ad
1134 1746 1230 1809 istum

333 1823 353 1884 ‘s
390 1866 461 1913 eooe
484 1849 565 1912 diem
590 1850 687 1930 uenit,
711 1849 759 1913 nir
782 1851 850 1913 tam
872 1848 973 1915 bonus
995 1868 1049 1915 ore
1073 1850 1224 1933 magistro

390 1971 485 2034 quam
508 1972 596 2017 ssoer
618 1957 667 2018 est
690 1955 806 2019 uiotore
830 1955 935 2019 animo
958 1955 1009 2019 nel
1032 1973 1159 2037 eorpore
1182 1955 1275 2019 uioto.

306 2066 366 2121 235
434 2077 451 2123 o
474 2058 551 2122 mihi
574 2058 725 2123 fulminea
748 2058 909 2124 Cherubin
932 2060 959 2123 si
981 2059 1097 2142 forcipe
1121 2064 1283 2143 sumptum

389 2162 556 2228 carbonem
581 2182 616 2227 ex
639 2162 707 2245 ipsa
731 2163 850 2228 domini
872 2164 980 2247 procul
1004 2164 1115 2229 efferat
1135 2182 1190 2228 ara

391 2270 422 2330 et
444 2266 617 2349 peooatoris
640 2267 722 2331 male
745 2267 876 2351 pinguia
897 2254 987 2333 labra
1008 2272 1144 2351 perurat,

389 2373 425 2434 ut
447 2371 607 2435 defaecato
629 2372 782 2436 eonoretis
806 2371 950 2437 sordibus
973 2391 1036 2455 ore,
1060 2429 1070 2454 ,

389 2495 451 2542 nou
474 2481 510 2542 ut
532 2476 572 2541 ab
596 2495 648 2542 ore
671 2495 751 2559 meo,
775 2478 831 2543 sed
854 2481 889 2542 nt
911 2443 1125 2573 anditqrisqab
1149 2496 1212 2558 ore,

306 2589 367 2643 240
390 2581 489 2663 ipsius
512 2581 626 2646 hausta
648 2599 718 2647 meo
741 2583 925 2674 depromam
949 2584 1072 2668 dignius
1095 2602 1158 2664 ore,

389 2705 429 2750 ne
451 2687 624 2769 peccatoris
648 2687 754 2752 stolidi
778 2707 880 2754 sermo
903 2707 995 2771 asper
1017 2693 1049 2754 et
1071 2707 1163 2772 aeger

391 2794 423 2852 et
445 2791 541 2854 uiolet
563 2795 667 2855 castas
690 2796 722 2856 et
745 2792 852 2857 doetus
875 2793 1021 2858 uerberet
1042 2796 1148 2859 aures!

393 2895 448 2959 aed
471 2895 617 2977 quoniam
641 2896 733 2960 lateri
756 2915 846 2961 meus
869 2897 992 2963 adsidet
1013 2900 1079 2981 ipse
1102 2899 1263 2982 magister,

392 3110 454 3180 aaa]
474 3111 527 3180 (us.
541 3114 565 3178 o,
579 3113 614 3182 o).

332 3306 381 3361 221
402 3307 461 3358 atra
477 3307 505 3359 A
587 3305 630 3359 his
648 3306 671 3359 is
692 3306 746 3361 GR
827 3307 928 3362 telluris
948 3307 982 3377 G,
1005 3306 1117 3362 tellurus
1133 3307 1162 3364 R
1248 3323 1358 3362 arenam
1377 3307 1430 3363 GR

288 3393 339 3446 222
358 3392 450 3445 oredeo
468 3391 496 3446 R
560 3391 668 3460 quidem
689 3393 743 3449 GR
805 3396 858 3450 224
876 3394 1039 3449 confessores
1056 3396 1114 3450 ΑΒ
1177 3395 1232 3448 soei
1249 3396 1277 3450 R
1347 3394 1431 3449 eaelo-

287 3477 410 3534 hretisG
463 3479 514 3534 226
527 3479 648 3535 sensibus
667 3481 789 3551 protinus
807 3483 939 3538 omnesG
992 3481 1112 3536 sensibus
1129 3482 1260 3537 omnesR
1310 3484 1431 3540 2281οι·

288 3566 355 3618 toris
370 3567 396 3620 G
448 3568 499 3622 229
518 3566 672 3633 porbamG
725 3570 776 3624 230
795 3568 873 3623 doeet
890 3571 918 3624 Β
970 3570 1138 3638 231quaB
1193 3569 1288 3623 nieetis
1305 3569 1366 3637 ΒΤ,
1385 3586 1431 3623 ua

289 3651 355 3706 cotis
376 3652 429 3708 GR
500 3653 607 3722 aqu
676 3657 727 3711 232
745 3654 912 3725 longuinqua
931 3656 965 3726 G,
983 3655 1177 3725 longuiuiuqua
1193 3657 1223 3712 R
1290 3656 1384 3710 teliore
1405 3658 1431 3712 G

290 3764 402 3819 missurn
421 3767 456 3834 Β,
474 3765 558 3819 misus
578 3765 632 3822 GR
684 3767 772 3837 ipsum
794 3769 847 3823 GR
903 3770 956 3823 234
973 3737 1199 3839 animosmeoT
1247 3771 1299 3825 235
1316 3768 1431 3823 fulmine

292 3853 351 3920 GR,
376 3853 491 3906 fulmina
508 3853 536 3908 Β
624 3857 651 3908 et
668 3853 796 3924 hiruphin
816 3855 850 3922 G,
872 3854 982 3909 hirubin
999 3855 1034 3924 R,
1054 3855 1169 3910 bernbin
1186 3858 1222 3926 A,
1245 3857 1383 3911 cherubim
1402 3859 1432 3914 D

221 3967 222 3970 ι
289 3939 341 3994 236
359 3939 452 3994 afferat
470 3942 505 4007 Β,
524 3939 574 3994 heo
592 3940 694 3996 serato
755 3943 806 3996 237
826 3945 853 3995 et
871 3957 930 3994 mea
950 3943 1004 3997 GR
1063 3943 1177 4011 pectoris
1195 3944 1223 3998 Β
1282 3943 1377 4014 pingui
1395 3945 1431 4010 Β,

288 4026 389 4094 pingna
409 4027 463 4082 GR
532 4031 656 4096 paruerat
673 4029 701 4083 R
770 4027 1001 4097 assequeris
1066 4029 1179 4084 defioato
1196 4029 1231 4099 R,
1250 4029 1385 4098 deffieatio
1405 4032 1431 4085 G

289 4112 413 4166 surdihus
431 4114 460 4169 R
520 4117 571 4170 239
586 4133 630 4184 pr.
650 4117 681 4168 ut
698 4117 796 4171 ouaT
854 4119 887 4169 ut
903 4133 954 4171 om.
970 4117 1030 4184 GR,
1048 4119 1080 4171 ut
1098 4117 1131 4170 ab
1149 4119 1177 4171 Β
1241 4117 1376 4171 auditores
1396 4118 1431 4185 G,

290 4198 420 4253 abditoris
438 4201 466 4254 R
525 4199 557 4254 ab
576 4219 626 4258 our.
643 4201 695 4257 GR
757 4204 809 4257 240
828 4201 925 4270 dignus
945 4203 998 4259 GR
1057 4205 1107 4259 241
1126 4220 1161 4257 ne
1178 4204 1300 4272 ADGR,
1317 4220 1366 4258 neo
1383 4211 1430 4260 ool.

290 4285 432 4354 stolidique
453 4287 506 4342 GR
558 4287 621 4355 ager
639 4290 666 4343 Β
718 4291 770 4344 242
788 4288 912 4344 uerberat
929 4309 960 4358 ω,
977 4289 1101 4344 uulneret
1116 4309 1134 4344 o
1185 4293 1237 4346 243
1255 4290 1302 4344 sed
1319 4291 1382 4358 quis
1396 4292 1431 4358 G,

290 4377 316 4425 et
335 4373 398 4440 quia
414 4373 442 4428 R
494 4375 581 4442 mens]
599 4376 693 4444 procul
711 4377 742 4429 Β
792 4374 897 4430 adsidet
914 4395 964 4432 om.
980 4378 1033 4432 GR
1086 4377 1130 4430 ille
1150 4380 1175 4432 Τ
