3217 4950
585 455 713 493 carmen
730 436 803 501 xxi,
816 440 961 495 tao-354.

361 619 486 698 pectore
507 615 651 680 concordi
675 614 774 680 simus
798 618 834 679 ut
856 632 919 679 una
942 614 1063 697 chelys;

311 738 420 785 omnes
443 740 479 785 er
503 721 592 786 nobie
615 720 777 803 cytharam
800 720 953 785 faciamus
977 720 1009 785 in
1032 736 1130 783 unum

362 844 488 890 carmen
511 824 644 888 diuersis
666 824 861 908 conpositam
884 823 1008 888 fidibus.

224 937 288 995 330
311 929 467 995 Aemilius
489 930 597 995 ueniat
618 928 767 993 decimus.
791 932 868 993 tunc
891 928 1023 1010 denique
1046 928 1139 1012 pleno

363 1035 505 1100 concinet
525 1035 558 1099 in
580 1032 670 1097 nobis
693 1034 828 1117 mystica
848 1034 898 1098 lcr
921 1050 1059 1098 numero.

310 1140 369 1204 hoc
392 1138 507 1204 etenim
529 1158 660 1205 numero
682 1140 821 1223 capitum
844 1139 876 1203 in
899 1138 1057 1203 testudine
1079 1137 1165 1221 pacis

364 1244 439 1309 uiua
461 1244 661 1309 salutiferum
683 1243 800 1309 chorda
821 1244 967 1325 loquetur
988 1260 1076 1326 opus.

312 1348 384 1413 huic
406 1349 554 1432 cytharae
575 1350 730 1432 plectrum
753 1348 841 1413 Felix
864 1349 932 1413 crit.
955 1348 1014 1411 hoo
1037 1345 1264 1411 decachordum

227 1461 291 1517 335
367 1452 509 1518 Christus
532 1470 630 1517 ouans
654 1452 817 1536 cytharam
840 1453 963 1535 pectine
985 1452 1148 1534 percutiet.

313 1576 391 1639 quac
414 1558 544 1642 cythara
565 1558 599 1622 in
622 1558 712 1622 nobis
736 1556 861 1622 Christo
884 1556 1064 1621 modulante
1087 1555 1213 1621 sonabit

364 1662 458 1745 plena
478 1660 624 1744 perfectis
647 1662 792 1726 sensibus
816 1662 966 1741 armonia,

313 1767 341 1830 si
363 1783 421 1849 par
444 1770 553 1831 nostra
576 1767 632 1830 dco
656 1766 730 1831 totis
753 1766 796 1830 eit
819 1784 957 1830 consona
979 1764 1078 1846 fibris,

365 1871 463 1934 aimus
486 1874 523 1935 ut
545 1870 626 1935 uniti
648 1887 775 1953 corporo
798 1874 904 1934 mente
926 1870 997 1934 fide.

227 1983 291 2038 340
317 1974 388 2039 talis
412 1976 495 2039 enim
519 1975 680 2058 cytharam
703 1975 818 2039 sanctis
842 1975 936 2040 homo
959 1974 1081 2058 legibus
1104 1974 1212 2058 inplet,

367 2078 513 2145 omnibus
537 2080 576 2144 ad
600 2080 699 2144 uitam
722 2080 902 2162 conpositus
925 2081 1075 2162 numeris,

316 2184 404 2249 cuins
427 2184 493 2249 uita
515 2202 622 2249 sacrae
645 2184 813 2249 concordat
835 2184 875 2249 ad
897 2186 1003 2249 omnia
1024 2185 1102 2267 legi3

368 2289 469 2353 omnis
491 2289 577 2353 enim
598 2289 722 2373 inrupto
745 2288 881 2353 stamine
904 2289 1020 2354 chorda
1042 2291 1142 2354 canet.

360 2568 442 2614 nunc
464 2550 504 2614 ad
527 2554 568 2632 te,
591 2551 769 2614 uenerande
791 2569 915 2634 parens,
939 2555 1065 2616 aeterne
1088 2554 1228 2634 patrone,

230 2663 294 2718 345
320 2658 481 2736 susceptor
503 2673 592 2718 meus
617 2660 648 2718 et
671 2653 793 2719 Christo
817 2655 978 2719 carissime
1005 2655 1100 2736 Felix,

318 2759 475 2843 gratificas
498 2777 589 2823 uerso
612 2759 748 2824 referam
770 2779 914 2824 sermone
936 2760 1097 2842 loquellas.

317 2863 418 2927 multa
439 2863 515 2928 mihi
537 2865 632 2927 uariis
656 2864 795 2928 tribuisti
818 2883 948 2928 munera
971 2865 1075 2940 donis;

317 2968 432 3047 omnia,
454 2969 628 3051 praesentis
652 2969 737 3032 uitae
759 2987 828 3032 rem
851 2986 1002 3050 spemque
1025 2969 1148 3032 futurae

318 3090 397 3154 quae
419 3073 554 3155 pariunt,
577 3073 635 3137 tibi
657 3092 708 3136 me
731 3073 863 3137 memini
886 3073 1009 3154 dehere,
1033 3074 1081 3138 cui
1105 3093 1157 3137 mo

228 3185 294 3241 ³50
318 3177 508 3259 mancipium
531 3177 641 3259 primis
664 3177 793 3241 donauit
817 3177 958 3242 Christus
982 3177 1021 3242 ab
1044 3179 1145 3242 annis.

318 3282 345 3344 si
368 3281 444 3345 mihi
466 3280 623 3345 flumineis
647 3281 795 3346 facundia
817 3287 955 3346 curreret
978 3283 1068 3347 undis

319 3403 434 3467 oraque
457 3385 543 3449 mille
566 3387 670 3450 forent
693 3387 833 3450 centenis
857 3404 990 3468 persona
1012 3387 1139 3470 lingnie,

319 3489 399 3552 forte
422 3507 480 3552 nec
501 3489 551 3553 his
576 3489 688 3572 opibus
711 3489 834 3554 conlato
857 3491 942 3554 fonte
966 3491 1099 3554 refertus

319 3593 424 3658 omnia
445 3593 557 3658 Felicis
580 3612 759 3677 percmrere
782 3613 915 3658 munera
936 3613 1073 3677 possem,

256 3846 308 3900 337
327 3845 429 3915 pectori
446 3847 503 3900 AD
567 3845 646 3898 000110
664 3847 694 3900 D
710 3845 758 3901 aed
775 3848 807 3900 in
824 3863 875 3916 mp.
888 3865 922 3900 m.
936 3851 966 3900 1:
983 3846 1010 3900 in
1030 3829 1077 3900 arft
1095 3845 1184 3916 chelys
1249 3847 1300 3903 323
1318 3845 1355 3901 ci-

211 3933 321 3988 tharam
339 3934 396 3987 AD
414 3939 438 3988 et
454 3935 533 4002 infra
594 3935 645 3990 333
664 3933 841 4003 compositum
860 3933 887 3988 A
949 3935 999 3988 332
1019 3949 1129 3988 numero
1147 3933 1266 4004 capitum
1284 3937 1354 3992 coni.

212 4021 400 4088 Zecdoueiatcr,
417 4019 522 4073 numeri
540 4019 569 4073 in
587 4020 673 4088 capite
686 4020 744 4074 AD
797 4022 849 4075 333
868 4018 948 4073 corda
966 4021 995 4074 D
1047 4023 1098 4076 334
1117 4019 1309 4074 dechacordam
1328 4023 1355 4075 A

211 4109 266 4162 337
278 4105 385 4208 pleyram
398 4107 473 4162 Mur.
528 4106 675 4160 armoniam
688 4107 763 4162 Mur.
819 4109 870 4162 338
886 4107 920 4176 si]
934 4107 971 4160 sic
983 4108 1058 4162 Mur.
1114 4108 1176 4161 totis
1189 4108 1225 4161 sit
1237 4107 1285 4161 deo
1298 4109 1356 4163 AD

211 4221 265 4274 333
284 4218 346 4272 anti
364 4219 391 4272 A
447 4220 499 4274 340
517 4218 646 4272 citharam
665 4219 709 4273 D¹
763 4219 860 4288 implat
878 4221 908 4274 D
970 4222 1021 4275 343
1040 4219 1120 4274 corda
1143 4221 1172 4274 D
1242 4221 1354 4276 34610-

213 4304 317 4374 quellas
340 4305 402 4372 AD,
420 4304 544 4373 loqulllan
562 4308 590 4360 A
660 4309 711 4362 343
729 4322 772 4359 me
790 4323 841 4361 orn.
865 4310 889 4358 A
941 4308 992 4363 353
1011 4306 1099 4360 fronte
1117 4309 1144 4362 A
1198 4305 1313 4360 relectus
1332 4311 1356 4359 Δ

212 4395 266 4448 354
283 4408 396 4446 munera
414 4408 568 4462 percurrere
585 4395 643 4448 AD
