3217 4950
586 480 715 517 carmen
733 462 805 526 xxl,
818 464 964 519 480-537.

311 657 387 721 quos
411 638 526 721 spolias
549 637 671 722 opibus,
694 641 796 703 terrae
821 638 910 720 quasi
932 640 1042 702 rudere
1067 656 1193 722 purges,

310 744 445 807 destruis
467 744 500 806 in
522 743 611 808 nobis
634 746 769 823 terrena,
793 746 921 807 aeterna
943 742 1082 807 uicissim

230 856 289 912 510
311 848 476 929 construis,
498 847 531 911 in
553 848 689 931 pretium
712 848 796 911 uitae
820 846 983 929 dispendia
1005 851 1107 912 terrae

311 953 407 1015 uertis
428 952 497 1016 iure
519 969 610 1032 nono,
634 969 727 1016 uersa
749 952 818 1016 uice
842 949 1022 1015 detrimenti

311 1060 404 1138 atque
426 1057 515 1138 lucri,
538 1061 573 1122 ut
595 1056 685 1122 uobis
709 1059 835 1121 seruata
855 1057 989 1138 pecunia
1011 1057 1172 1137 damnum,

312 1179 374 1225 non
396 1164 523 1225 seruata
545 1161 667 1225 luorum
690 1161 799 1236 faciat;
824 1160 878 1225 sed
901 1179 987 1225 more
1010 1160 1135 1226 sinistro

310 1265 380 1329 lusa
402 1266 511 1329 eadem
535 1266 648 1329 damno
672 1268 730 1329 eet.
755 1283 813 1329 nec
837 1266 922 1329 enim
945 1266 1008 1329 uisi
1031 1265 1157 1330 nomine
1181 1264 1296 1330 Christi

229 1377 288 1432 515
312 1373 538 1453 praeceptoque
562 1369 612 1433 dei
633 1370 778 1451 cuiquam
802 1387 859 1433 sua
881 1369 1012 1434 fundere
1035 1370 1176 1452 prodest3

310 1492 384 1538 nam
406 1493 481 1538 uere
503 1478 636 1556 pereunt
658 1475 744 1538 uitiis
767 1476 901 1557 inpensa
922 1474 1071 1555 profanis.

310 1579 400 1643 luxus
424 1583 456 1642 et
478 1578 609 1644 ambitio
631 1580 665 1643 iu
687 1596 803 1662 magno
827 1578 1004 1643 discrimine
1028 1577 1128 1643 morbi

310 1682 428 1747 crimen
451 1684 600 1748 auaritiae
622 1685 767 1765 pensant,
791 1683 865 1765 quia
887 1702 944 1766 par
966 1683 999 1746 in
1021 1686 1154 1764 utroque

310 1804 406 1851 causa
428 1787 538 1853 subest
560 1788 680 1867 mortis,
705 1805 800 1869 quarn
823 1788 868 1851 sic
891 1788 1051 1852 maculosa
1073 1786 1169 1851 libido

227 1897 288 1953 520
310 1891 433 1975 perlicit
455 1895 492 1955 ut
513 1910 618 1956 rerum
641 1892 751 1957 mundi
773 1892 957 1956 malesuada
979 1891 1100 1975 cupido.

309 1995 359 2061 his
382 2015 433 2060 me
457 1996 574 2061 diuitiis
597 1997 723 2079 inopem
746 1996 846 2080 cupis,
869 1996 987 2079 optime
1010 1996 1106 2077 Felix,

310 2104 346 2165 nt
367 2102 463 2165 facias
486 2102 570 2165 uitae
593 2102 781 2184 locupletem
803 2104 836 2165 et
857 2119 993 2185 paupere
1016 2102 1104 2166 cultu

309 2208 447 2269 exortem
468 2205 582 2269 reddas
605 2205 715 2269 mortis
738 2205 807 2270 sine
829 2204 891 2269 fine
914 2205 1046 2271 luendae

310 2309 458 2374 diuitibus
481 2310 601 2390 mundi,
625 2309 738 2391 quibus
761 2310 830 2374 auri
851 2309 956 2375 letifer
978 2328 1054 2375 usus

227 2421 287 2476 526
310 2416 445 2497 parturit
467 2418 611 2480 aeternos
634 2414 726 2480 sociis
750 2434 824 2480 oum
847 2413 1008 2480 uermibus
1031 2415 1130 2500 ignes.

354 2537 417 2584 non
440 2520 513 2585 solis
537 2519 596 2584 tibi
619 2537 676 2584 nos
699 2521 823 2585 iunctos
847 2521 895 2584 uis
919 2521 1031 2605 degere
1053 2521 1155 2600 tectis,
1260 2575 1262 2582 ,

310 2642 385 2705 quos
408 2628 440 2689 et
461 2625 493 2689 iu
516 2629 663 2690 aeternae
685 2625 810 2690 tibimet
834 2625 991 2690 consortia
1013 2625 1096 2690 uitae

309 2729 445 2793 enutrire
467 2747 560 2812 paras
583 2732 616 2793 et
639 2729 677 2794 ad
699 2729 788 2794 illam
811 2729 924 2793 ducere
946 2729 1091 2810 formam,

308 2849 403 2913 quam
426 2837 461 2897 tu
484 2832 542 2897 sub
566 2834 685 2898 domini
707 2834 871 2917 perlectus·
889 2834 1026 2916 imagine
1049 2831 1165 2898 Christi

225 2943 286 2999 530
310 2937 437 3020 gessisti
457 2937 491 3001 in
513 2937 617 3018 terris,
640 2939 733 3003 homo
758 2938 919 3020 quondam
942 2956 979 3001 ex
1002 2938 1098 3002 diuite
1121 2955 1249 3021 pauper.

309 3059 382 3105 nam
406 3042 457 3106 cui
478 3045 645 3126 paupertas
668 3047 733 3122 tua,
757 3060 852 3125 quam
876 3060 931 3125 pro
955 3041 1082 3106 nomine
1106 3044 1213 3107 sancto

307 3147 488 3230 proscriptis
512 3146 624 3229 opibus
647 3148 787 3230 gaudem
811 3147 971 3212 confessor
994 3147 1096 3227 adisti,

308 3251 452 3334 ignorata
474 3251 565 3332 iacet,
590 3255 621 3316 et
643 3271 705 3334 qua
726 3252 887 3335 praeditus
909 3269 1009 3332 usque
1033 3253 1190 3316 senectam

308 3355 471 3436 conducto,
494 3355 591 3436 Felix,
614 3356 739 3420 coluisti
762 3374 886 3439 semper
908 3355 940 3420 iu
964 3355 1075 3420 horto?

222 3465 285 3520 535
309 3463 474 3542 propterea
495 3460 614 3524 similes
637 3460 695 3524 tibi
717 3459 828 3525 niteris
852 3459 976 3524 efficere
999 3478 1108 3525 omnes

307 3567 493 3647 paupertate
515 3564 576 3648 pia,
600 3583 678 3647 quos
702 3565 834 3647 suscipis
858 3565 981 3647 hospite
1003 3566 1102 3638 5001ος

308 3667 470 3732 dissimilis
494 3687 551 3732 neo
574 3668 658 3732 enim
681 3669 738 3734 tibi
760 3672 869 3752 posset
891 3670 993 3733 forma
1015 3669 1106 3733 coire.

245 3893 298 3947 509
316 3891 436 3945 destrues
448 3893 519 3960 AD;
536 3910 583 3948 era.
596 3894 671 3948 Mur.
726 3895 778 3948 510
796 3895 935 3946 construes
948 3894 1018 3960 AD;
1029 3911 1077 3948 coe.
1090 3894 1166 3948 Mur.
1220 3895 1269 3948 511
1288 3893 1344 3945 iure

197 3979 272 4034 coni.
288 3977 438 4047 Gitlbauer,
457 3995 519 4032 uere
537 3980 603 4045 AD,
621 3995 695 4032 more
713 3981 782 4035 coni.
796 3981 975 4036 Zeehmetsler
1063 3981 1113 4034 512
1133 3981 1211 4048 atque
1230 3981 1260 4033 ut
1278 3979 1345 4032 lucri

195 4065 267 4131 AD,
288 4067 320 4118 ut
336 4063 404 4118 lucri
421 4067 497 4121 Mur.
572 4068 623 4121 514
642 4066 693 4119 nisi
711 4067 749 4134 D,
766 4067 824 4120 sine
842 4066 869 4121 A
949 4068 998 4121 515
1017 4069 1208 4135 praeceptoque
1227 4065 1270 4119 dei
1288 4067 1345 4120 AD

195 4152 258 4222 (sed
276 4153 308 4206 ἐπ
325 4153 352 4206 A
370 4153 510 4222 queat),
528 4157 719 4223 praeceptoque
737 4153 793 4206 eius
812 4153 970 4210 contMur.
1029 4151 1143 4208 5171111
1160 4155 1188 4207 A
1246 4153 1275 4206 in
1293 4171 1345 4208 om.

194 4239 277 4295 Mar.
348 4242 399 4294 520
417 4242 448 4294 ut
466 4241 531 4306 AD,
550 4241 577 4293 et
594 4241 668 4295 Mur.
745 4243 796 4296 526
814 4241 919 4294 iunctos
938 4241 995 4294 AD
1012 4246 1042 4294 ut
1060 4239 1135 4294 mo.
1149 4242 1228 4306 cont,
1246 4239 1345 4293 iunctis

193 4327 275 4382 Mur.
331 4327 381 4381 532
399 4327 554 4395 proscribtis
567 4328 596 4381 D
650 4329 700 4382 533
718 4327 787 4382 iacet
802 4317 910 4396 scripsi,
927 4325 1011 4381 lacD
1028 4332 1052 4382 et
1065 4343 1085 4382 e.
1100 4327 1117 4381 l.
1130 4328 1166 4396 A,
1184 4324 1251 4380 latet
1263 4327 1345 4384 Zocle-

192 4415 314 4481 miste,
333 4416 425 4467 manet
441 4415 518 4470 Mar,
