3217 4950
585 473 713 511 carmen
731 456 804 521 xxi,
818 459 963 513 lta-235.

321 638 392 694 ’200
416 632 573 715 mancipia
595 631 722 713 Christi,
746 633 866 698 nobiles
890 638 991 698 terrae
1013 633 1109 717 prius,

415 754 498 801 nunc
520 755 595 802 uere
618 738 703 801 caele
726 738 898 802 destinatos
921 739 1049 819 incolas,

413 859 491 923 quos
514 839 656 906 Christus
680 842 757 925 ipse,
782 844 836 925 qui
858 846 979 908 crearat
1001 842 1125 923 diuites,

413 946 472 1010 hec
493 947 682 1028 pauperanit
703 947 838 1027 saecule,
860 949 894 1012 in
916 966 1049 1031 regnum
1072 952 1108 1011 ut
1131 966 1223 1012 suum

413 1049 529 1115 terreni
550 1049 677 1115 honeris
701 1069 772 1115 arce
794 1052 930 1117 deiectos
954 1051 1063 1116 uehat:

330 1161 392 1216 210
414 1152 633 1237 Apronianum
655 1154 786 1221 Tusciae
809 1156 913 1239 gentis
938 1156 1042 1237 decus,

413 1261 514 1322 aetate
537 1277 680 1341 puerum,
704 1260 848 1325 sensibus
872 1260 975 1324 carnis
999 1278 1118 1340 senem,

413 1362 511 1427 ueteri
534 1366 679 1447 togarum
702 1362 839 1428 nobilem
861 1364 1008 1447 prosapia

414 1466 469 1531 sed
490 1467 655 1531 clariorem
679 1467 856 1533 Christiane
880 1469 1015 1549 nemine,

412 1572 466 1653 qui
489 1572 586 1636 mixta
609 1573 723 1637 ueteris
747 1576 778 1637 01
801 1574 875 1638 noui
898 1576 986 1637 ortus
1008 1573 1109 1657 gloria

332 1683 391 1738 215
415 1678 506 1739 uetus
530 1681 579 1740 est
599 1681 724 1742 senator
746 1678 859 1758 curiae,
884 1677 1007 1755 01111010
1031 1694 1141 1743 nauus,

412 1780 485 1845 hnic
507 1782 695 1864 propinquat
716 1783 820 1846 socius
843 1782 965 1865 aequali
988 1783 1061 1867 iuge

413 1902 490 1949 aene
513 1886 632 1950 minere
655 1886 815 1967 Pinianus,
839 1906 895 1970 par
917 1888 988 1967 fide,

413 1992 446 2053 et
467 1989 534 2072 ipse
555 1990 659 2073 prisce
682 1992 835 2075 sangnine
858 1992 998 2055 inlustris
1022 2010 1108 2075 puer,

411 2093 444 2158 in
466 2093 607 2178 principe
629 2094 707 2159 urbe
730 2096 867 2160 consulis
890 2096 984 2179 primi
1007 2115 1115 2180 genus.

330 2204 390 2259 220
412 2196 557 2262 Valerius
579 2199 632 2263 ille
655 2200 811 2264 consulari
835 2204 1001 2265 stemmate

410 2302 532 2385 primus
554 2302 675 2368 Latinis
698 2322 813 2368 nomen
837 2305 869 2368 in
892 2306 980 2369 fastis
1003 2307 1126 2386 tenens,

412 2426 506 2490 quem
529 2406 632 2472 Roma
653 2408 753 2493 pulsis
775 2407 902 2493 regibus
925 2410 1023 2475 Bruto
1046 2410 1175 2492 addidit,

411 2511 517 2576 Valeri
538 2513 630 2578 mode
653 2512 745 2578 huius
769 2513 941 2580 Christiani
964 2515 1102 2580 consulis

414 2617 507 2699 lenge
529 2622 702 2682 retrorsum
725 2619 849 2702 generis
872 2622 980 2684 auctor
1002 2620 1142 2684 ultimus.

332 2729 392 2783 225
416 2740 434 2784 0
457 2739 538 2786 uena
561 2722 649 2787 felix!
672 2723 725 2786 ille
748 2721 860 2806 gentili
882 2723 955 2787 licet

413 2843 516 2889 errore
538 2824 665 2890 functus
688 2826 748 2891 hoe
770 2845 846 2891 snae
869 2828 976 2910 stirpis
999 2828 1118 2892 bonum

412 2947 474 2994 non
498 2931 602 3013 capiat
624 2934 692 2995 atre
715 2949 838 2996 mersus
860 2931 975 2996 inferni
997 2932 1077 3013 lacu,

411 3034 467 3098 sed
490 3052 547 3100 nos
570 3033 655 3100 fideli
677 3040 861 3101 contuentes
885 3036 1004 3100 lumine
1118 3075 1120 3080 -

412 3141 567 3204 retroacta
589 3140 640 3204 uel
662 3141 840 3222 praesentia
862 3141 992 3204 humani
1016 3145 1117 3206 status

329 3249 389 3304 230
413 3243 565 3308 miramur
588 3261 683 3328 epera
704 3245 872 3309 condituris
896 3245 983 3309 ardui

413 3351 442 3411 01
465 3352 667 3432 praeparatas
690 3367 710 3413 a
731 3350 864 3413 uetustis
888 3349 1020 3413 saeculis
1106 3363 1108 3368 ·

414 3454 646 3519 successionum
669 3455 873 3537 mysticarum
895 3454 987 3517 lineis

412 3557 479 3638 pius
503 3561 666 3639 stupemus
690 3557 847 3640 inpiorum
869 3557 964 3630 fili0s;

412 3661 574 3724 tamenin
598 3661 735 3726 tenebris
757 3661 914 3744 inpiatum
941 3661 1093 3726 mentium
1191 3707 1193 3714 >

330 3764 491 3828 22110010
514 3765 659 3829 uidemus
681 3766 832 3830 emicasse
855 3767 977 3830 semina

247 4061 300 4116 207
319 4060 420 4114 creauit
437 4060 513 4116 Mar.
589 4062 640 4116 210
658 4059 861 4130 Appronianum
880 4060 911 4115 Ε
980 4060 1150 4130 2110011110]
1173 4061 1345 4130 cerdissm.

199 4147 377 4214 21400010
425 4151 476 4204 215
494 4145 594 4200 christe
613 4149 677 4209 AD,
697 4148 791 4202 christi
811 4149 841 4202 E
891 4149 941 4204 217
960 4148 1062 4200 minere
1080 4149 1149 4204 coni.
1162 4149 1346 4216 Zcetneeirter,

199 4234 294 4288 minor
311 4236 353 4287 est
369 4234 404 4303 Ε,
422 4234 511 4288 minor
529 4235 586 4288 AD
654 4234 799 4304 pinuianne
818 4235 848 4289 Ε
919 4233 1066 4291 2191111110
1089 4233 1261 4290 enurbeD
1282 4240 1348 4292 002

199 4320 285 4391 primi
304 4320 744 4389 3011110012,0111018000οΜιοΙ
810 4323 862 4376 220
880 4318 996 4392 vilense,
1017 4323 1047 4376 D
1111 4323 1160 4378 221
1184 4321 1285 4376 latinus
1303 4322 1347 4376 Αι

199 4411 363 4462 antenore
381 4409 416 4474 E,
434 4413 534 4461 terrore
553 4409 610 4462 AI)
662 4412 712 4464 232
732 4407 907 4478 myrtiearum
927 4409 957 4462 E
1011 4409 1063 4464 233
1080 4407 1138 4478 pios
1158 4409 1192 4477 E,
1211 4413 1272 4478 post
1289 4410 1347 4463 AD
