3217 4950
578 460 707 499 esrmeu
724 443 838 510 xxm
859 445 1001 501 lle-irs.
1296 425 1361 492 33⁶

241 628 302 684 145
326 621 379 703 qui
402 625 509 685 tamen
533 624 673 685 autnon
696 624 745 685 est
769 623 824 685 aut
845 619 872 683 si
896 623 945 683 est
966 618 1108 684 diabulus
1131 619 1198 701 ipse
1221 622 1280 699 est,

323 725 462 789 humane
484 724 592 809 generi
615 725 790 789 contrarius
814 727 907 789 antee
928 740 1049 803 sueser,

324 833 356 894 et
378 833 568 894 uenerantur
591 848 674 911 eum,
696 830 750 911 qui
773 846 857 893 nune
879 828 912 893 in
934 827 1060 893 nemine
1083 825 1201 893 christi

324 938 356 999 et
379 934 486 999 tremit
507 938 541 999 et
561 933 678 1015 pendet
699 952 820 1016 sueque
841 933 948 998 umnie
969 932 1053 997 iaetu
1074 932 1201 997 fatetur.

324 1056 404 1121 quae
431 1056 522 1103 mens
549 1042 598 1102 est
624 1038 796 1119 bominum,
826 1040 861 1102 ut
887 1056 943 1122 pre
970 1037 1053 1101 ueris
1079 1036 1162 1101 feisa
1181 1036 1360 1119 loquantur,

243 1150 304 1206 150
328 1144 380 1225 qui
402 1140 573 1225 linquenda
595 1143 702 1207 eelunt
724 1145 895 1224 contraque
917 1141 1047 1207 eelendu
1067 1142 1263 1223 relinquunt!

366 1246 430 1312 iem
453 1250 504 1312 sat
525 1248 585 1311 erit
606 1246 697 1311 nobis
720 1264 821 1311 uanos
843 1264 970 1310 narrare
991 1246 1130 1311 timeres.

323 1350 400 1417 haee
423 1369 480 1435 ege
503 1356 617 1417 ennete
639 1350 738 1435 prins,
761 1351 883 1415 elerum
905 1369 1000 1434 quam
1022 1350 1131 1415 lumen
1153 1350 1297 1433 adeptus,

324 1474 437 1537 meque
460 1457 513 1521 diu
536 1458 691 1521 ineertum
713 1460 746 1521 et
768 1458 817 1521 tet
838 1454 1078 1539 tempestatibus
1101 1459 1207 1520 aetum

324 1564 432 1626 saneta
454 1561 584 1625 salutari
607 1561 745 1643 suscepit
766 1560 882 1625 eelesiu
902 1564 995 1642 portu

242 1672 301 1727 155
324 1669 456 1747 postque
480 1684 576 1749 neges
599 1664 713 1729 fluetus
736 1665 908 1747 tranquilla
929 1664 1003 1729 sede
1024 1664 1152 1744 locauit,

322 1772 357 1834 ut
380 1768 455 1834 mihi
478 1769 544 1834 ium
565 1770 658 1835 111111
680 1769 803 1835 detersa
827 1768 910 1833 nube
933 1769 1089 1833 mulorum

323 1876 464 1957 tempore
486 1874 641 1957 premisse
663 1875 768 1939 lueem
791 1892 916 1957 sperure
939 1890 1094 1937 serenum.

324 1978 388 2043 iam
410 1978 493 2060 prior
515 1978 569 2043 1111
591 1980 688 2059 salus,
712 1997 808 2060 quum
830 1978 965 2061 perdidit
986 1978 1153 2041 immemor
1175 1974 1279 2041 Adsm

323 2085 399 2147 tune
421 2086 517 2147 uento
540 2085 692 2148 suadente
716 2083 810 2163 male,
832 2100 916 2147 nune
937 2082 1056 2164 remige
1080 2079 1204 2146 Christe

242 2195 303 2250 160
325 2190 414 2252 erute
436 2187 474 2251 de
497 2188 633 2271 seopulis
656 2206 781 2270 semper
804 2204 955 2251 mansura
977 2188 1128 2269 resurget.

321 2294 422 2357 rector
445 2292 528 2357 enim
551 2296 658 2358 nester
680 2292 725 2357 sie
747 2291 1023 2374 undiqueeuneta
1043 2289 1212 2373 gubernet,

322 2399 358 2460 ut
380 2397 473 2463 mede
496 2398 550 2480 qui
573 2396 662 2463 nobis
686 2414 824 2461 errorem
846 2396 962 2461 mentis
985 2395 1103 2459 udemit

321 2502 372 2566 hie
394 2503 523 2568 meliore
544 2503 597 2567 uia
618 2502 753 2586 peradisi
775 2502 886 2566 limina
906 2501 1034 2585 pandat.

320 2607 393 2672 felix
416 2613 523 2672 nestra
545 2607 623 2672 fides
645 2608 700 2672 uni
722 2611 869 2689 certeque
891 2607 1003 2670 dicatu

239 2717 299 2773 165
323 2729 405 2776 unus
428 2713 512 2777 eninr
534 2715 611 2778 deus
635 2714 692 2792 est,
716 2711 894 2776 substantie
914 2710 998 2775 fflius
1020 2727 1085 2774 una

321 2835 413 2898 unus,
436 2817 468 2881 in
491 2821 622 2899 utreque
646 2821 695 2881 est
716 2835 798 2881 unus
821 2816 921 2899 uigor,
943 2833 1008 2881 una
1028 2818 1179 2898 potestus.

322 2939 457 3004 namque
480 2923 529 2986 dei
552 2921 684 2986 uerbum
707 2921 807 3003 patrie
830 2921 1015 3003 depectere
1038 2919 1181 2985 Christus

321 3027 449 3091 eminuit
470 3013 656 3110 semperque
677 3026 746 3107 fuit,
771 3025 824 3107 qui
846 3043 909 3090 nen
931 3024 1022 3107 quasi
1044 3028 1148 3104 natus,

321 3147 373 3194 ere
396 3131 452 3196 sed
474 3147 619 3214 egressus
642 3130 736 3194 eham
759 3129 837 3195 illud
859 3130 951 3194 inune
973 3129 1110 3193 remouit

237 3240 298 3295 170
322 3237 353 3298 et
375 3235 448 3300 tulit
468 3235 635 3300 informem
659 3238 823 3300 contentae
846 3235 946 3299 noetis
968 3234 1091 3298 hiatum

319 3338 540 3422 distribuitque
563 3339 640 3405 lueis
663 3357 749 3405 mare
772 3344 873 3404 terres
895 3343 969 3404 1111
990 3338 1114 3402 eaelum

319 3443 429 3526 hisque
453 3445 539 3510 dedit
559 3445 718 3528 geminam
741 3445 834 3528 pulsa
855 3443 988 3527 ealigine
1011 3443 1123 3508 lueem.

320 3551 370 3612 est
391 3549 446 3614 ubi
469 3552 581 3616 ennete
604 3568 722 3615 nouum
745 3552 935 3632 stupuerunt
957 3567 1085 3630 surgere
1107 3546 1217 3627 selem,

260 3757 439 3859 1461111111ιῖ
457 3793 494 3862 D,
512 3792 623 3846 humani
641 3793 669 3848 A
739 3793 843 3862 generis
860 3793 936 3848 Mur.
1008 3793 1058 3848 148
1075 3789 1169 3861 pendit
1186 3790 1244 3846 AD
1313 3788 1353 3843 11-
1470 3750 1473 3761 1

215 3879 307 3932 tentur
324 3880 382 3935 AD
436 3882 485 3936 152
502 3885 563 3950 pest
581 3879 655 3948 prius
673 3882 800 3936 lacunam
818 3897 873 3935 esee
889 3897 963 3950 aurp.
977 3880 1061 3949 Mur„
1079 3877 1208 3932 timebam
1219 3879 1353 3945 er'era,

217 3969 358 4020 ueneratus
377 3981 436 4020 aum
454 3969 498 4021 uel
516 3983 564 4037 pro
582 3967 653 4021 ueris
670 3966 753 4020 habui
770 3969 924 4037 mpplerrdu
941 3973 1026 4022 1111111
1046 3967 1124 4022 Vrmk
1184 3981 1265 4033 quem
1282 3965 1352 4020 edrai.

215 4053 348 4122 Bursian,
367 4070 428 4108 eum
446 4055 505 4109 AD
562 4053 643 4123 prius.
663 4053 772 4108 Clarum
791 4069 851 4107 eum
868 4052 960 4107 lumen
978 4052 1091 4122 adeptus
1108 4053 1153 4107 uei
1169 4051 1272 4106 elerum
1291 4067 1352 4104 eum

213 4138 305 4194 lumen
323 4139 450 4210 adeptum
465 4142 534 4197 corui.
549 4142 638 4209 Vonb‚·
656 4143 752 4196 ennete
762 4141 824 4211 pius
842 4141 945 4195 clarum
961 4155 1010 4194 nee
1020 4139 1114 4194 lumen
1125 4141 1189 4208 fert.
1244 4138 1295 4194 154
1306 4153 1351 4190 es-

215 4226 295 4282 elesie
311 4227 337 4297 (1
349 4230 428 4299 erua.)
446 4229 477 4284 D
530 4229 579 4284 158
597 4227 835 4282 immemorandam
850 4229 921 4294 AD,·
938 4228 1076 4282 11116111.
1131 4229 1181 4282 159
1198 4227 1280 4280 uentu
1298 4225 1352 4288 D¹,

214 4331 277 4372 uere
296 4317 323 4370 A
408 4317 457 4372 160
475 4315 592 4384 resurgit
608 4319 672 4386 fert.
757 4317 809 4372 164
825 4331 879 4368 une
897 4316 924 4370 A
1011 4313 1100 4368 diaeta
1117 4315 1159 4368 est
1176 4314 1353 4368 Zeeberreiater

217 4405 265 4460 161
283 4404 455 4473 pesetereD
509 4405 558 4460 168
576 4403 714 4459 fuitDe.
728 4405 745 4458 1.
801 4405 848 4459 171
868 4403 972 4458 uereA
