3217 4950
250 402 313 467 154
583 418 895 473 S.Peuliniltolani
913 418 1060 488 episcopi

352 596 390 660 de
412 614 508 680 grege
531 597 665 681 setigero
688 595 796 660 multis
820 594 976 660 cialibus
999 612 1098 659 unum

267 710 328 764 315
352 702 455 766 lactea
477 702 578 767 adhuc
600 707 708 765 tenero
730 700 909 783 pulsantem
934 699 1059 764 sumina
1079 702 1180 765 rostro

350 825 531 890 excerpsere
554 804 615 871 sibi
639 810 671 870 et
693 807 836 869 curatum
860 806 1001 887 tempere
1024 804 1124 869 multo

349 914 505 994 peperunt
526 911 559 975 in
581 913 656 975 uota
678 928 778 989 suem,
801 912 834 974 et
855 926 984 992 coepere
1006 911 1151 991 paratum

349 1016 461 1080 ducere
484 1018 641 1081 sacratam
663 1014 766 1080 sancti
788 1012 902 1079 Felicis
925 1012 964 1077 ad
986 1014 1102 1093 aulam,

349 1138 476 1203 corpore
499 1119 538 1185 de
560 1137 675 1203 magno
698 1122 733 1183 ut
755 1109 873 1183 multoe
897 1119 1051 1183 mactatus
1075 1135 1189 1201 egenos

265 1232 327 1287 320
350 1228 493 1308 pasceret
516 1228 548 1289 et
570 1228 675 1290 saturo
697 1222 849 1307 gauderet
871 1238 1006 1306 paupere
1028 1226 1157 1305 martyr.

350 1331 406 1394 sed
426 1329 532 1413 grauis
555 1329 665 1393 aruino
687 1346 799 1411 porcus
824 1330 990 1410 superante
1012 1326 1129 1409 pedum
1151 1326 1217 1391 uim

348 1452 411 1499 non
433 1434 537 1517 potuit
558 1452 592 1497 ee
614 1433 695 1497 ferre
718 1432 770 1497 diu
792 1432 956 1515 primoque
979 1430 1102 1496 uiarum

348 1538 457 1603 limine
481 1536 648 1603 succubuit
670 1537 799 1602 sibimet
820 1554 921 1619 neque
945 1534 1055 1601 deinde
1078 1536 1198 1601 moueri

348 1660 424 1707 uoce
446 1660 544 1708 manu
569 1642 705 1707 stimulis
727 1642 838 1726 potuit.
862 1641 980 1723 liquere
1003 1641 1158 1705 iacentem

264 1756 325 1813 325
348 1748 589 1832 hospitibusque
610 1749 675 1813 suis
698 1747 958 1813 commendatore
980 1746 1127 1812 relictum

348 1858 525 1919 maerentes
548 1853 675 1919 domini.
699 1870 789 1917 mens
813 1852 904 1916 anxia
926 1854 1019 1917 nutat
1041 1850 1073 1915 in
1096 1868 1225 1933 ancepe3

347 1976 422 2023 nam
445 1959 510 2024 uoti
531 1976 679 2023 reuocare
701 1957 786 2021 uiam
809 1958 862 2039 pia
883 1959 1010 2039 pectore
1033 1956 1158 2031 nolunt3

346 2082 472 2128 rursum
494 2063 606 2128 Felicis
629 2065 814 2127 ueneratum
837 2061 949 2125 limina
970 2062 1064 2145 longe

346 2168 392 2232 ire
414 2168 512 2252 pudet
534 2184 649 2233 uacuos
672 2166 777 2231 deuoti
800 2166 949 2231 muneris.
974 2183 1047 2249 ergo

265 2280 327 2337 330
351 2272 506 2357 ambiguis
528 2272 600 2337 talis
624 2271 782 2337 sententia
803 2270 963 2335 mentitus
985 2270 1098 2351 haesit,

346 2383 383 2443 ut
404 2378 535 2443 tolidem
557 2378 654 2442 lectos
678 2375 787 2441 eadem
811 2376 965 2459 degente
989 2375 1125 2440 minores

269 2489 273 2498 '
347 2484 386 2548 ad
409 2501 466 2548 sua
487 2486 562 2548 uota
583 2483 701 2566 legent,
724 2485 802 2564 quot
824 2483 891 2546 erat
912 2483 1079 2564 prouectus
1101 2481 1134 2547 in
1157 2498 1253 2545 anuos

347 2589 409 2669 ille,
430 2605 488 2652 sua
509 2605 636 2671 pressus
654 2587 712 2669 qui
735 2587 818 2650 mole
841 2585 990 2650 manebat
1012 2585 1096 2650 iners
1120 2603 1184 2665 sus,

347 2693 429 2776 quod
451 2693 564 2758 deuota
585 2692 663 2757 fides
686 2691 829 2757 obstricti
851 2690 956 2755 debita
979 2690 1044 2755 noti

261 2805 323 2861 335
347 2800 505 2862 maturare
527 2815 641 2881 parans
664 2797 720 2873 tali
742 2797 862 2861 ratione
886 2794 1020 2878 putarit,

345 2901 487 2987 pluribus
509 2905 544 2966 ut
567 2901 698 2967 modicis
720 2918 820 2965 unum
842 2903 990 2984 pensaret
1011 2899 1161 2983 opimum.

390 3024 463 3092 ergo
486 3025 610 3072 sacrum
632 3007 694 3072 huc
716 3025 831 3070 uenere
854 3005 958 3070 locum
981 3005 1125 3086 uotisque
1148 3007 1278 3088 patratis

345 3113 516 3195 hospitium
538 3112 658 3176 rediere
681 3129 774 3176 suum
796 3128 858 3175 non
881 3109 1057 3174 comminus
1080 3109 1182 3176 istinc.

346 3236 420 3282 narn
442 3220 511 3282 tum
533 3216 614 3281 forte
636 3215 755 3297 domos,
777 3233 858 3297 quae
881 3214 963 3278 cirea
984 3215 1129 3298 martyris
1152 3214 1266 3295 eruam,

261 3329 324 3384 340
345 3321 482 3405 inpleret
504 3321 605 3385 solitis
628 3321 757 3385 denseta
778 3319 955 3402 frequentia
976 3317 1086 3383 turbis.

344 3429 511 3508 propterea
532 3425 640 3509 procul
662 3424 737 3489 hinc
759 3425 879 3490 secreto
903 3424 935 3488 in
958 3443 1030 3488 rure
1051 3427 1205 3490 remotam

346 3530 485 3594 contenti
508 3529 632 3594 subiere
655 3547 772 3610 oasam
796 3546 858 3611 qua
881 3545 974 3593 mane
996 3528 1150 3612 parabant

283 3773 335 3827 314
347 3769 463 3826 foetibus
476 3772 508 3827 E
551 3773 603 3828 318
615 3770 745 3825 sancitam
758 3771 833 3826 Mor.
881 3771 930 3826 321
944 3785 1026 3839 moue
1039 3770 1217 3838 sagineMcr.
1270 3770 1382 3840 pedum-

241 3875 291 3928 que
309 3859 337 3914 A
407 3859 465 3912 uim
482 3860 520 3927 Ε,
537 3859 659 3914 001.Δῦ
727 3859 779 3912 322
796 3856 896 3911 referre
913 3859 944 3912 D
1013 3859 1063 3913 325
1088 3857 1307 3911 commendauere
1325 3858 1385 3912 ΑΕ

240 3948 292 4001 328
303 3961 396 3998 rursus
406 3946 480 4002 Mur.
528 3945 651 4012 longoE
695 3946 744 3999 331
759 3946 787 3997 et
795 3943 870 3999 Mser.
919 3942 1086 4013 eleotoeipea
1099 3943 1207 4014 defert.
1253 3947 1332 4013 gente
1343 3943 1382 4010 Ε,

239 4049 320 4102 grege
332 4034 390 4087 AD
443 4034 494 4088 332
507 4031 541 4085 ed
555 4048 602 4085 sua
614 4032 651 4100 E,
669 4030 781 4085 adsidue
793 4032 829 4098 A,
842 4030 991 4085 assiduaD
1037 4030 1131 4100 legunt
1142 4033 1217 4087 Mur.
1269 4031 1383 4100 quodD

239 4122 381 4188 prouectus
399 4119 436 4189 E,
452 4119 589 4188 proiectus
606 4119 665 4173 AD
721 4119 773 4174 333
795 4117 902 4187 ineptus
919 4119 995 4174 Mur.
1052 4120 1104 4175 334
1122 4117 1193 4186 quod
1211 4119 1248 4189 Ε,
1265 4121 1293 4172 et
1311 4119 1383 4187 quod

239 4208 299 4261 AD
346 4205 488 4260 obstrinoti
501 4207 531 4260 D
574 4207 625 4260 337
638 4203 895 4273 hucAD‚huncE
937 4207 988 4262 338
1000 4206 1120 4260 cominus
1133 4207 1163 4260 Ε
1207 4205 1384 4262 3393013313

239 4295 291 4350 340
313 4293 423 4347 densete
444 4294 481 4363 Ε,
505 4291 615 4346 denseta
637 4293 695 4347 AD
770 4293 821 4349 341
844 4295 964 4362 preterea
985 4293 1016 4348 Ε
1088 4309 1150 4348 rure
1171 4293 1207 4362 Ε,
1226 4307 1301 4348 ruere
1323 4293 1384 4348 AD

239 4382 341 4437 motam
359 4379 402 4435 Α1
