3217 4950
273 408 336 472 134
603 423 629 478 S.
642 423 778 480 Paulini
795 424 914 480 Nolani
932 425 1076 494 episcopi

289 607 352 664 455
374 618 500 682 carpere
522 604 555 664 et
576 599 733 683 oppressis
755 598 873 664 obliuia
895 600 1007 665 ducere
1029 601 1123 682 curia,

373 705 425 769 ille
446 705 552 769 locum
574 723 701 769 sumens
724 705 843 784 sceleri,
866 721 929 788 qua
950 708 1081 770 nouerat
1102 723 1162 770 usu

373 809 549 893 adpositam
570 808 691 892 lychnis
713 827 769 892 per
791 812 917 874 noctem
940 828 977 874 ex
999 826 1085 874 more
1106 809 1254 892 parandis

373 913 586 978 machinulam
608 913 757 996 gradibus
781 913 882 978 scalas
904 912 1054 998 praebere
1076 913 1194 998 paratis

374 1020 406 1082 et
426 1017 509 1082 male
531 1033 640 1081 securo
663 1016 723 1081 sibi
745 1017 810 1082 iam
832 1017 961 1084 custode
983 1018 1135 1099 relictam,

290 1129 352 1186 466
375 1139 438 1205 qua
459 1121 558 1186 crucis
579 1121 681 1186 instar
707 1124 784 1202 crat,
813 1122 894 1204 quod
921 1125 953 1186 ct
975 1125 1024 1187 est
1045 1123 1147 1204 modo,
1169 1124 1298 1206 perpete
1320 1121 1409 1206 uirga

374 1226 527 1290 directum
548 1225 691 1310 geminos
714 1229 894 1291 transuerso
916 1226 1016 1291 limite
1038 1229 1166 1310 gestans

374 1329 584 1410 cantharulos,
608 1347 707 1394 uuum
730 1330 767 1393 de
790 1330 874 1395 calce
896 1331 1043 1395 catenula
1063 1330 1203 1414 pendens

375 1433 517 1498 sustinet.
541 1433 575 1498 in
597 1433 698 1498 tribus
720 1433 770 1498 his
793 1435 954 1518 scyphulis
976 1435 1093 1500 inserta
1115 1435 1256 1500 relucent

374 1536 503 1618 lumina,
526 1555 598 1601 curn
620 1536 683 1602 fert
703 1537 786 1602 festa
808 1537 889 1614 diest
912 1541 988 1603 tuuc
1010 1557 1084 1604 uero
1107 1539 1174 1603 sine
1196 1557 1255 1604 usu

290 1650 353 1705 465
374 1641 502 1706 luminis
524 1641 565 1705 ad
587 1642 724 1724 speciem
746 1645 872 1706 tautum
894 1661 1047 1727 suspensa
1069 1642 1227 1708 manebat.

374 1744 430 1810 sed
450 1744 543 1828 paulo
565 1746 665 1810 crucis
688 1750 761 1810 aute
783 1747 879 1810 decus
903 1746 940 1810 de
962 1747 1062 1812 limite
1085 1748 1193 1812 eodem

375 1849 557 1913 continuum
581 1850 716 1933 scyphus
739 1853 788 1915 est
810 1854 977 1934 argenteus
1001 1855 1093 1935 aptus
1117 1851 1155 1916 ad
1178 1869 1279 1916 usum.

375 1953 458 2017 hunc
480 1952 647 2037 inportuno
671 1953 731 2018 sibi
752 1954 872 2019 lumine
894 1955 1008 2039 praedo
1032 1955 1203 2020 micantem

374 2057 516 2140 protinus
539 2058 706 2142 extinguit;
729 2076 866 2142 namque
888 2059 919 2124 id
942 2076 1063 2141 quoque
1086 2063 1217 2125 nouerat
1236 2059 1320 2125 idem

291 2170 354 2225 476
377 2180 470 2245 saepe
493 2161 593 2226 solere
614 2163 705 2243 mori,
728 2180 800 2226 cum
823 2165 938 2246 stuppa
959 2164 1103 2247 perarida
1124 2164 1251 2248 longam

375 2265 523 2331 conderet
543 2266 576 2330 iu
599 2269 723 2331 noctem
745 2271 930 2351 consumpto
952 2267 1061 2333 lumen
1084 2269 1175 2350 oliuo,

376 2387 433 2434 uec
455 2370 641 2435 miraturum
663 2370 804 2454 uigilem,
828 2372 854 2436 si
876 2371 956 2436 forte
978 2371 1124 2436 tenebras

376 2477 518 2539 cerneret
539 2473 673 2540 obducto
696 2475 868 2541 subducere
892 2476 1030 2541 culrnina
1051 2477 1174 2561 lychno,

377 2596 462 2643 more
483 2582 649 2661 putaturus
673 2583 807 2662 noctem,
831 2598 893 2645 non
916 2581 1046 2647 crimine
1069 2582 1194 2647 factam.

293 2691 355 2748 475
377 2700 441 2747 non
468 2683 564 2767 igitur
591 2685 681 2766 quasi
706 2685 767 2767 fur,
797 2687 880 2768 quod
907 2690 974 2751 erat
1000 2686 1090 2767 latro,
1118 2687 1173 2751 sed
1195 2686 1284 2769 quasi
1306 2688 1411 2751 custos

378 2786 480 2853 aufert
500 2788 653 2854 inlicitam
675 2808 802 2854 securus
825 2790 940 2872 praedo
962 2791 1114 2873 rapinam,

377 2909 434 2956 nec
455 2892 537 2977 fugit
557 2892 784 2975 inpauidusquo
807 2896 924 2959 manet.
949 2894 1027 2977 tegit
1049 2910 1113 2959 uua
1133 2895 1284 2960 latentem

377 2996 489 3062 cellula
510 2998 548 3061 de
570 2998 688 3077 multis,
711 3014 791 3079 quae
813 3016 868 3081 per
891 2998 991 3063 latera
1012 2999 1147 3081 undique
1170 2998 1294 3083 magnis

378 3100 536 3182 adpositae
559 3102 648 3165 tectis
670 3100 823 3182 praebent
845 3106 963 3167 secreta
986 3104 1116 3186 sepultis

294 3212 356 3267 466
379 3204 521 3287 hospitia.
544 3204 657 3269 harum
679 3223 742 3269 una
763 3206 814 3270 fur
837 3204 976 3280 abditur;
1000 3210 1095 3289 atque
1117 3208 1171 3273 ubi
1193 3226 1285 3273 manc

379 3308 515 3373 claustra
536 3310 643 3392 patere
666 3309 761 3390 uidet,
783 3313 924 3375 reserata
944 3310 1067 3394 prosilit
1089 3311 1160 3376 aula

379 3414 411 3476 et
432 3411 587 3478 latebram
608 3412 754 3496 linquens
777 3418 883 3498 portat
905 3415 1021 3491 scelus3
1043 3415 1089 3479 ire
1110 3416 1242 3499 parabat

318 3669 370 3724 456
388 3668 503 3737 sumpsit
519 3670 625 3724 arcualt
642 3671 732 3741 Moy.
794 3686 875 3739 quam
893 3673 968 3727 Mur.
1026 3674 1077 3727 457
1096 3673 1243 3744 adpositam
1261 3675 1346 3745 Mur,
1364 3674 1414 3729 ad·

275 3754 631 3825 positaAD,expositamE
673 3756 811 3813 lichuirE
855 3762 907 3816 458
916 3758 1099 3813 machinulam
1109 3760 1152 3815 A¹
1204 3764 1324 3832 paratam
1334 3762 1412 3818 Mur.

275 3844 327 3897 459
344 3842 399 3895 iam
411 3843 475 3912 AD,
494 3845 559 3897 tunc
572 3844 602 3898 Ε
651 3845 703 3900 466
721 3860 772 3913 qua
785 3846 850 3916 AD,
869 3862 935 3914 quae
948 3846 979 3901 D
1027 3850 1136 3916 perpete
1152 3848 1182 3903 D
1232 3850 1283 3904 462
1301 3848 1414 3903 cantha-

275 3926 347 3982 rulos
366 3930 402 3998 Ε,
420 3929 567 3983 cartarulos
584 3932 642 3986 AD
695 3931 837 3985 cathenula
859 3932 890 3987 Ε
939 3935 990 3989 463
1009 3933 1118 4003 scyfulis
1136 3936 1194 3991 AD
1246 3934 1365 3990 Sustinet
1381 3936 1413 3991 in

277 4013 371 4069 tribus.
389 4014 440 4069 His
458 4016 593 4086 scyphulis
611 4018 687 4073 Mur.
749 4018 889 4074 incertaA
950 4020 1095 4077 lucentA²
1156 4023 1207 4079 465
1223 4020 1366 4077 manabant
1383 4024 1419 4080 Ε

275 4101 327 4155 466
351 4100 438 4156 limito
458 4104 571 4174 scripsi,
594 4102 688 4158 limine
710 4106 775 4174 AD,
803 4106 905 4161 lumine
928 4107 959 4162 Ε
1030 4110 1080 4164 467
1104 4108 1193 4178 asylus
1214 4111 1250 4177 A,
1273 4108 1358 4179 scylui
1381 4112 1416 4165 D

275 4189 327 4243 476
347 4185 459 4257 longum
481 4191 539 4245 AD
612 4193 663 4246 471
688 4192 814 4247 condurat
836 4194 867 4247 Ε
934 4192 1035 4249 lumine
1058 4194 1097 4249 A¹
1166 4198 1217 4251 473
1235 4194 1352 4250 culmina
1374 4198 1415 4266 Ε,

276 4272 392 4328 culmine
409 4276 467 4331 AD
545 4276 635 4331 lichno
654 4278 685 4332 Ε
699 4285 724 4333 ct
741 4281 821 4350 infra
900 4283 951 4337 475
971 4284 1056 4335 castos
1074 4282 1104 4337 D
1176 4284 1228 4337 479
1246 4281 1367 4353 adposita
1383 4288 1415 4340 A

277 4376 369 4415 secura
385 4363 461 4417 Mur.
514 4365 566 4420 486
585 4363 693 4420 abditur
710 4367 776 4437 AD,
794 4366 901 4423 abditus
920 4368 951 4423 Ε
999 4369 1049 4425 481
1069 4366 1203 4441 claustra&
1219 4368 1276 4437 (ubi
1293 4370 1415 4441 cram
