3217 4950
533 431 660 470 carmen
677 415 793 482 xvfln,
807 419 952 474 513-571.

275 610 345 655 esse
366 590 542 674 uidebatur,
565 609 659 674 quem
682 609 745 657 505
768 595 894 658 extante
917 596 1028 658 catena

197 703 254 758 545
277 695 384 760 sertim
407 696 527 760 arcanis
549 696 706 761 retinebat
728 696 853 762 dextera
877 697 998 762 uinclis.

275 800 358 866 ulter
379 819 452 865 eum
475 800 568 884 digne
592 800 679 866 Felix
701 819 804 866 555555
827 799 949 886 ligabat

276 907 309 968 et
330 904 387 968 tali
409 908 568 970 amentem
591 905 746 988 uertigine
769 905 886 970 circum
910 905 1060 990 agitabat,

275 1027 400 1092 semper
421 1014 458 1074 ut
479 1009 649 1074 abscedens
674 1028 830 1093 nusquam
853 1009 1028 1076 diseederet
1049 1014 1081 1075 et
1103 1029 1176 1076 cum

275 1113 455 1196 prosiliente
477 1114 576 1198 gradu
599 1114 754 1197 caepisset
776 1113 873 1196 abire,
896 1114 1019 1179 rediret.

198 1225 255 1282 550
277 1217 358 1282 mira
378 1216 472 1283 fides!
494 1217 562 1284 ibat
585 1219 706 1298 stando,
728 1219 915 1284 remanebat
938 1217 1050 1300 eunde,

276 1322 399 1386 naseins
421 1323 480 1388 hcc
502 1323 581 1407 ipsc,
603 1340 659 1407 pre
682 1340 743 1405 quc
765 1323 900 1407 fugitare
922 1323 1064 1406 parabat,

277 1445 318 1492 ne
339 1427 462 1512 sugeret
483 1427 551 1493 fieri
574 1432 606 1494 55
628 1446 736 1493 secum
759 1447 817 1493 sua
839 1429 944 1494 uincla
966 1447 1093 1494 manere

276 1531 498 1616 inruptamque
521 1532 582 1597 sibi
603 1533 765 1617 preprium
788 1533 891 1598 scelus
915 1551 984 1598 esse
1007 1537 1160 1598 catenam.

277 1654 413 1719 namque
436 1637 507 1701 sinu
530 1637 654 1702 clausae
678 1636 884 1703 mandauerat
905 1637 1000 1702 insita
1022 1639 1157 1720 praedae

198 1747 257 1804 555
278 1739 425 1823 pondera,
448 1745 480 1806 55
502 1741 577 1807 15155
599 1742 709 1806 auidus
733 1741 824 1825 quasi
846 1745 956 1824 captus
980 1747 1087 1808 mente
1108 1741 1265 1808 latebram

259 1862 440 1926 -quaerens
462 1845 533 1909 luce
556 1849 663 1911 tamen
685 1847 805 1930 campis
830 1845 955 1911 errabat
978 1846 1093 1930 apertis

278 1968 374 2033 seque
395 1949 493 2014 155555
516 1954 632 2034 putans
656 1949 783 2015 extabat
803 1951 837 2015 in
860 1968 992 2034 aequare
1015 1951 1108 2016 clarc.

279 2054 403 2119 censcia
424 2055 469 2119 sic
492 2058 632 2119 mentem
654 2055 788 2138 inpietas
812 2057 1004 2136 eaecauerat,
1027 2059 1063 2120 ut
1085 2073 1143 2120 nec

280 2157 432 2242 effugeret
454 2159 577 2244 fugiens
599 2177 658 2223 nec
680 2158 834 2224 celaretur
857 2159 1015 2224 aberrans.

198 2269 257 2326 550
279 2261 425 2328 sensibus
447 2263 588 2328 aduersis
611 2268 714 2328 metus
737 2264 821 2345 hinc,
845 2268 953 2347 stupor
975 2262 1046 2328 inde
1070 2267 1233 2329 nocentem

279 2367 471 2433 miscuerant
494 2369 646 2442 animam3
670 2367 794 2432 uitabat
816 2371 915 2433 strata
936 2369 1071 2449 uiarum,

280 2475 414 2538 secretas
437 2472 599 2538 metuebat
621 2473 704 2538 iners
728 2473 874 2538 accedere
897 2473 1005 2555 saltus,

279 2578 349 2660 ipsa
370 2577 465 2642 etiam
486 2578 519 2642 15
541 2578 629 2643 511515
653 2577 712 2642 sibi
734 2578 814 2643 ferte
837 2578 963 2642 51155515
985 2580 1109 2642 tantum

280 2683 454 2747 clamatura
475 2681 563 2747 55155
587 2686 730 2747 metuens
753 2685 810 2746 aut
831 2682 936 2747 tristia
958 2682 1067 2747 formis

201 2793 259 2850 505
282 2803 447 2851 occursura
468 2790 583 2869 putans
606 2786 753 2851 ultricum
776 2789 918 2851 menstra
939 2785 1087 2851 terarum.

279 2891 351 2955 inde
375 2892 469 2956 miser
492 2891 607 2956 celebri
629 2891 776 2955 seductus
799 2889 838 2955 ab
863 2908 976 2975 aggere
1002 2891 1089 2955 iuxta

281 2996 390 3060 deuius
413 2997 445 3060 15
467 2995 602 3079 quedam
625 2994 822 3079 spatiabatur
845 2994 906 3059 sibi
928 3014 999 3067 rure

282 3119 426 3166 securum
448 3100 565 3185 ignaris
589 3100 753 3182 simulans,
775 3100 830 3164 sed
853 3098 944 3165 corde
967 3100 1112 3165 timerem

281 3209 317 3270 ut
338 3204 459 3270 facinus
482 3205 540 3270 sub
563 3207 653 3269 ueste
674 3224 835 3287 premens3
860 3222 934 3269 nam
957 3205 1056 3269 uestis
1079 3205 1111 3269 15
1135 3204 1235 3268 altum

201 3316 261 3373 570
283 3309 458 3374 succinctae
480 3307 601 3374 sinibus
623 3309 766 3374 clausum
788 3309 993 3375 mandauerat
1017 3326 1137 3373 aurum.

282 3432 357 3478 nam
379 3433 479 3497 neque
501 3415 552 3480 551
574 3414 689 3479 tacitae
711 3413 831 3478 furtum
854 3414 1050 3479 committere
1072 3416 1173 3478 terrae

223 3671 273 3731 544
291 3673 404 3728 55515555
416 3672 447 3729 Ε
462 3680 487 3730 ct
503 3675 583 3742 infru
633 3674 684 3729 545
702 3672 825 3728 archanis
837 3673 927 3728 ADE
977 3674 1027 3728 541
1046 3670 1111 3725 55115
1128 3674 1246 3725 mentem
1261 3671 1320 3726 AD

184 3760 401 3831 cimumagitabat
418 3761 524 3831 scripsi,
544 3759 742 3829 circumagebat
759 3758 849 3816 ADE
916 3761 967 3817 548
987 3758 1188 3825 discederetis,
1212 3758 1319 3812 descen-

184 3847 254 3903 deret
279 3850 318 3918 D,
345 3847 502 3902 descendere
527 3848 556 3902 A
625 3847 752 3917 etcum]
779 3849 883 3901 tactum
906 3847 933 3901 A
1004 3848 1055 3902 553
1081 3845 1269 3914 insuptamque
1293 3846 1323 3899 E

184 3937 230 3991 554
247 3936 309 3989 5155
328 3936 363 4004 E,
382 3935 470 3988 sinum
489 3935 547 3989 AD
616 3932 778 3988 mandauere
795 3934 854 3989 AD
924 3936 974 3990 555
999 3931 1260 4000 5515551555515)
1284 3933 1320 3997 Ε,

185 4022 287 4077 auidam
305 4024 364 4078 AD
427 4024 477 4078 557
496 4021 621 4091 aequore]
639 4020 744 4075 aethere
761 4023 806 4077 acl
824 4036 884 4075 aere
902 4021 971 4077 55551.
990 4021 1065 4075 Mar.
1131 4022 1182 4075 560
1200 4018 1320 4073 sentibus

184 4110 253 4165 11555.
307 4111 358 4166 561
378 4108 541 4163 miscuerant
558 4109 594 4176 E,
613 4107 757 4163 miscuerat
774 4109 833 4163 AD
897 4108 948 4164 566
967 4105 1064 4161 celebri
1083 4105 1321 4174 5515515545-

184 4194 258 4251 lebria
277 4195 389 4250 eductus
407 4196 444 4264 D,
467 4194 564 4249 celebri
582 4194 719 4250 seiunctus
737 4196 768 4250 E
836 4197 886 4251 567
909 4194 937 4248 15
960 4193 989 4247 id
1013 4192 1084 4261 quod
1103 4193 1134 4247 E
1201 4194 1253 4248 568
1275 4191 1321 4245 red

184 4282 372 4352 41555515
437 4284 489 4338 569
506 4282 551 4351 55]
568 4284 596 4336 55
613 4284 683 4339 ccci.
703 4282 880 4339 marcescer
949 4282 1017 4334 reste
1037 4279 1321 4349 Ε15501055Μ1559.)

183 4370 252 4440 uam]
272 4369 335 4439 quia
352 4369 417 4425 add.
435 4370 494 4424 AD
