3217 4950
252 430 314 493 174
584 445 610 500 S.
623 444 757 498 Paulini
775 443 896 498 Nolani
914 441 1060 511 episcopi
1177 494 1185 503 .

270 631 331 686 480
355 624 495 706 pignora,
518 640 599 705 quae
623 622 732 702 nostis,
756 638 833 704 quos
856 620 983 685 cernitis
1008 623 1039 684 et
1061 620 1153 684 modo
1176 618 1209 683 in
1231 618 1305 701 ipsis

353 727 475 791 Felicis¹
489 728 579 791 tentis
602 744 729 791 meeum
751 728 871 790 metata
895 728 1018 790 tuentes

353 832 497 915 hospitia,
521 831 633 896 oblitos
657 834 801 895 ueterum
825 830 987 913 praeoelsa
1009 830 1172 894 domorum

353 936 491 1000 eulmina
515 940 546 1000 ot
568 936 713 1019 augustis
736 936 837 999 uioino
861 937 997 1018 martyre
1021 933 1107 998 oellis

353 1041 453 1105 tutius
476 1041 508 1104 iu
531 1058 629 1123 paruo
652 1043 759 1123 spreta
781 1038 954 1104 ambitione
977 1041 1152 1102 manentes

269 1154 331 1208 485
357 1144 500 1210 cbristus
523 1146 608 1209 euim
630 1146 718 1209 iuxta
739 1147 789 1208 est
811 1144 951 1225 modiola,
975 1143 1129 1207 auertitur
1153 1142 1223 1205 altis

351 1250 497 1333 pauperis
520 1252 553 1313 et
574 1251 679 1332 tuguri
702 1250 803 1333 magis
828 1252 897 1313 arta
918 1248 1027 1332 tegilla
1049 1248 1227 1329 frequentat

352 1372 446 1435 quarn
468 1355 629 1437 praecelsa
651 1353 857 1435 superbarum
879 1353 1008 1437 fastigia
1029 1370 1144 1416 rerum.

396 1476 468 1542 ergo
491 1462 527 1522 ιιι
548 1476 724 1540 eonponam
745 1476 826 1540 qnae
848 1476 933 1521 nuno
955 1458 1022 1522 eolo
1045 1459 1129 1521 tecta
1151 1455 1267 1520 reliotis

353 1561 554 1643 culminibus
578 1581 657 1644 quae
681 1580 765 1626 nuno
787 1561 889 1626 habeo
913 1565 968 1626 aut
989 1561 1139 1626 habuisse
1159 1560 1312 1640 recordor,

267 1674 330 1730 400
353 1668 380 1731 si
402 1668 515 1750 planet,
538 1666 677 1731 arbitriis
700 1665 827 1731 sibimet
849 1666 1013 1749 oonponite
1036 1666 1137 1729 iustis.

352 1790 433 1854 quae
455 1773 522 1835 tam
544 1771 676 1853 pulehra
698 1770 820 1851 domus,
845 1770 914 1853 quis
939 1788 1012 1854 ager
1034 1770 1147 1835 fertilis
1169 1786 1320 1852 umquam

350 1876 384 1939 in
406 1896 440 1939 re
463 1877 589 1940 mortali
610 1876 704 1939 fuerit
727 1875 816 1956 mihi,
840 1894 935 1958 quam
957 1876 1050 1940 modo
1072 1875 1106 1939 iu
1128 1876 1189 1939 iste
1255 1946 1257 1952 ¹

351 1980 498 2063 pauperia
520 1980 630 2045 tribuit
652 1979 807 2061 Christus,
830 1999 885 2064 per
908 1998 1002 2062 quem
1026 1980 1102 2044 mihi
1125 1978 1263 2043 abundat

352 2084 440 2149 diues
462 2084 646 2149 inexhausto
668 2085 771 2149 reditu
793 2085 950 2167 possessio
973 2084 1081 2149 Felix?

265 2197 326 2252 495
350 2192 387 2253 ut
408 2206 483 2253 uero
507 2208 543 2253 ex
565 2190 664 2253 ueteri
686 2190 827 2273 relegam
850 2208 921 2253 mea
943 2189 1069 2272 praedia
1092 2206 1199 2268 eeusu,

353 2294 500 2376 quicquid
523 2297 591 2358 eret
612 2310 764 2377 magnum
787 2294 945 2376 quondam
968 2293 1046 2357 mibi
1069 2291 1208 2375 qualibet
1231 2293 1263 2355 iu
1284 2309 1329 2371 re,

352 2403 437 2463 terra
458 2401 525 2463 erat
547 2401 579 2462 et
601 2416 720 2463 uacuae
742 2398 863 2482 speeies
887 2402 1021 2463 nentosa
1042 2397 1176 2482 liguram

350 2504 417 2568 sine
441 2522 552 2568 aurum
575 2522 761 2587 gemmaeue
783 2502 897 2585 forent,
921 2507 991 2568 erat
1011 2503 1067 2568 illa
1089 2503 1228 2586 supellex

349 2609 413 2672 uile
434 2608 524 2672 bonis
547 2609 693 2690 pretium,
717 2608 891 2691 pretiosum
913 2609 1001 2672 uirus
1025 2607 1138 2672 auaris.

267 2720 329 2776 500
352 2716 386 2777 at
407 2713 500 2777 modo
524 2731 631 2777 cussus
655 2730 760 2795 opum,
784 2730 842 2778 neo
865 2731 959 2795 opum
984 2713 1040 2776 sed
1062 2713 1167 2776 uerius
1191 2729 1298 2794 expers

352 2817 572 2882 damnatorum
596 2836 738 2898 onerum,
761 2835 872 2882 seoura
894 2817 974 2884 liber
995 2816 1132 2881 habendi

350 2925 533 3005 paupertate
556 2922 652 3002 fruor,
676 2940 735 2986 neo
755 2921 876 2987 habent
898 2921 1026 2986 inimica
1048 2924 1248 3005 segmentum

348 3027 476 3092 uinoula
498 3045 559 3108 quo
581 3029 711 3091 teneant
733 3027 864 3091 nudum.
888 3027 972 3090 faoili
995 3027 1074 3090 lenis
1098 3026 1161 3091 exit

350 3149 478 3214 corpore
501 3149 594 3213 quem
618 3131 713 3195 nullis
737 3129 870 3195 suffocat
893 3130 1053 3196 amoribus
1075 3131 1149 3194 illex

266 3242 327 3298 505
349 3235 530 3318 peruenias
553 3236 672 3318 speeies
695 3236 806 3300 muudi
828 3235 967 3300 fallentis
991 3235 1106 3319 imago.

351 3358 368 3405 o
392 3340 571 3404 ueneranda
593 3340 672 3403 mibi
694 3343 727 3404 et
748 3340 815 3404 toto
837 3339 1001 3423 pretiosior
1025 3339 1099 3404 orbe

350 3445 515 3528 pauperies
539 3443 669 3509 Christi!
693 3445 840 3510 thesauro
864 3445 977 3509 oaelite
999 3445 1079 3508 ditas

288 3705 339 3760 486
357 3702 451 3773 tegilla
468 3705 553 3770 Mer,
573 3702 662 3772 tigilla
679 3704 737 3759 AD
802 3702 958 3772 frequentat
977 3704 1006 3759 D
1067 3705 1117 3760 487
1137 3701 1311 3772 superborum
1330 3703 1389 3756 AD

246 3789 420 3858 superborum
439 3789 458 3844 f.
471 3806 565 3859 regum
577 3792 641 3859 fort.
695 3793 746 3846 488
759 3790 859 3844 reliotis
872 3792 937 3858 AD,
951 3789 1041 3844 relatis
1054 3791 1129 3846 Mur.
1182 3789 1306 3859 Aeaeus]
1322 3790 1388 3852 ΞΑ,

246 3879 273 3929 et
290 3891 357 3944 quae
375 3879 443 3934 oeni.
456 3878 632 3933 Zecbmeieter
688 3880 741 3933 490
757 3875 863 3946 placeat
880 3878 910 3932 D
967 3876 1084 3931 arbitriis
1102 3877 1167 3943 AD,
1186 3875 1294 3930 arbitris
1312 3877 1387 3931 Mar.

245 3965 294 4019 491
314 3979 441 4032 nmquam
459 3965 518 4019 AD
599 3965 651 4020 493
668 3965 794 4034 pauperie
818 3963 915 4018 tribuit
932 3965 996 4023 AD¹
1016 3980 1131 4033 paupera
1149 3962 1296 4018 oontribuit
1313 3963 1387 4019 Mar.

245 4051 297 4105 496
319 4048 449 4119 quidquid
467 4051 497 4105 D
584 4052 636 4106 498
660 4067 815 4120 gemmaeue
838 4053 907 4106 coni.
926 4052 1110 4118 Zeelemee'ster,
1134 4065 1306 4119 gemmaeque
1331 4049 1389 4105 AD

244 4135 290 4190 ille
308 4139 335 4192 A
388 4140 439 4194 500
458 4140 487 4191 at
504 4138 540 4206 A,
559 4137 593 4191 ad
611 4139 648 4204 D,
667 4155 698 4191 ae
715 4139 792 4194 Mur.
850 4140 900 4194 501
921 4136 1108 4192 damnatorum
1126 4139 1212 4208 Mur,
1230 4136 1389 4191 damnorum

246 4224 304 4279 AD
364 4227 415 4280 502
433 4224 493 4278 fruo
512 4227 539 4280 A
597 4225 707 4278 inimiea
724 4226 809 4292 Mer,
828 4225 912 4279 imma
929 4226 987 4281 AD
1046 4229 1214 4293 segmentum
1233 4226 1301 4281 enni.
1317 4225 1388 4280 Gill-

246 4313 335 4379 bauer,
354 4315 512 4379 sequentum
529 4313 587 4367 AD
668 4313 719 4368 503
737 4312 811 4366 faoili
828 4313 936 4382 scripsi,
954 4311 1033 4366 faoile
1051 4314 1109 4367 AD
1191 4314 1242 4368 504
1261 4309 1389 4366 suffocata

245 4397 365 4453 moribus
381 4399 412 4455 D
463 4397 515 4453 ilex
531 4398 576 4453 A¹
629 4402 679 4456 505
698 4398 806 4454 talentis
825 4401 852 4454 A
1487 4391 1491 4396 ⁵
