3217 4950
598 464 727 503 carmen
745 447 778 512 X,
791 450 938 505 254-298.

300 627 423 706 excitet,
447 629 482 690 ut
502 625 627 708 lapsum
649 625 744 690 rectis
768 626 923 689 instauret
946 624 1082 688 amioum

299 729 439 794 moribus
463 732 494 794 et
516 729 639 794 monitu
661 733 784 814 reparet
807 729 939 794 meliora
960 746 1078 793 seuero.

300 838 333 899 at
355 835 381 898 si
403 835 484 900 forte
506 834 615 899 itidem
639 835 721 917 quod
742 835 806 918 legi
828 837 859 897 et
881 835 963 916 qued
986 851 1098 915 sequor
1121 831 1219 913 audis,

299 939 392 1003 cerda
414 939 465 1022 pio
488 939 613 1004 uouisse
636 939 703 1019 deo,
726 937 906 1003 uenerabile
930 937 1047 1002 Christi

212 1052 277 1108 280
300 1043 467 1126 imperium
489 1043 582 1108 docili
604 1060 660 1128 pro
682 1043 866 1108 credulitate
889 1046 1074 1124 sequentem

300 1165 546 1231 persuasumque
569 1148 618 1212 dei
640 1148 768 1213 monitis
792 1152 920 1212 aeterna
941 1146 1045 1230 parari

300 1253 440 1334 praemia
462 1253 588 1318 mortali
611 1253 733 1318 damnis
756 1252 974 1336 praesentibus
998 1256 1115 1334 empta,

301 1375 363 1421 non
386 1375 455 1421 reor
477 1357 510 1421 id
532 1360 640 1422 sancto
663 1357 709 1422 sic
731 1357 927 1440 displicuisse
948 1357 1081 1439 parenti,

301 1462 415 1525 mentis
438 1465 474 1526 nt
496 1479 632 1526 errorem
656 1461 763 1526 credat
785 1461 831 1526 sic
853 1463 959 1526 uiuere
982 1459 1118 1540 Christo,

214 1573 278 1629 285
302 1569 337 1630 ut
360 1565 503 1630 Christus
526 1567 636 1631 sanxit.
661 1567 748 1630 iuuat
770 1567 829 1631 hcc
851 1585 909 1630 nec
930 1566 1073 1649 paenitet
1094 1564 1187 1628 huius

303 1672 424 1736 erroris.
448 1672 563 1736 stultus
587 1671 711 1736 diuersa
734 1670 937 1753 sequentibus
961 1689 1029 1735 esse

302 1774 347 1839 nil
370 1793 483 1856 moror,
508 1779 633 1840 aeterno
657 1793 728 1839 mea
750 1776 826 1839 dum
849 1777 1005 1840 sententia
1026 1776 1094 1858 regi

303 1880 345 1943 sit
361 1881 495 1961 sapiens.
519 1879 625 1960 breue,
650 1879 796 1962 quicquid
812 1881 905 1944 homo
922 1882 980 1959 est,
1002 1877 1079 1963 (est)
1094 1880 1230 1962 corporis
1246 1878 1340 1962 aegri,

302 1984 452 2067 temporis
476 1984 594 2049 occidui
618 1987 649 2048 et
672 1984 738 2048 sine
762 1983 887 2049 Christo
910 1982 1014 2067 puluis
1038 1988 1071 2048 et
1092 1983 1219 2059 umbra;

215 2096 281 2153 290
304 2088 386 2170 quod
413 2088 525 2171 probat
552 2092 607 2153 aut
634 2088 773 2169 damnat,
801 2089 882 2153 tanti
910 2093 958 2153 est
985 2088 1094 2171 quanti
1122 2089 1238 2152 arbiter
1264 2087 1341 2170 ipse.

302 2193 369 2276 ipse
392 2192 467 2273 obit,
490 2195 582 2274 atque
605 2193 651 2257 illi
675 2211 749 2258 suus
773 2196 823 2256 est
845 2193 1033 2257 comitabilis
1057 2210 1150 2273 error,

304 2313 436 2378 cumque
460 2314 516 2360 suo
540 2298 675 2361 moriens
690 2297 853 2385 sententia
874 2297 974 2361 iudice
996 2299 1119 2361 transit.
1169 2314 1173 2320 ·

305 2404 338 2464 at
360 2401 429 2481 nisi,
453 2400 528 2466 dum
551 2405 675 2485 tempus
698 2419 849 2486 praesens
873 2402 973 2482 datur,
997 2401 1089 2465 auria
1111 2399 1201 2465 nobis

305 2523 379 2569 cura
401 2506 443 2571 sit
466 2506 504 2571 ad
528 2507 646 2572 domini
667 2510 870 2589 praeceptum
894 2508 1001 2571 uiuere
1024 2506 1149 2587 Christi,

218 2618 283 2673 295
308 2628 376 2674 sera
400 2610 458 2675 erit
481 2612 581 2675 exutis
605 2611 723 2675 homini
747 2612 941 2693 querimonia
963 2611 1125 2690 membris,

304 2714 380 2778 dum
402 2714 485 2779 leuia
506 2716 662 2780 humanae
686 2715 799 2779 metuit
821 2716 962 2779 conuicia
983 2716 1121 2798 linguae,

306 2837 368 2884 non
391 2819 535 2883 timuisse
557 2838 670 2903 graues
694 2820 791 2883 diuini
814 2819 925 2883 iudicis
948 2820 1021 2900 iras,

306 2942 399 3007 quem
422 2925 520 3008 patris
544 2925 662 2989 aeterni
685 2925 761 2989 solio
785 2924 954 3007 dextraque
977 2924 1149 3006 sedentem,

234 3186 288 3240 276
307 3183 403 3239 excitet
424 3183 467 3254 nt]
492 3184 563 3239 etB
651 3184 799 3239 instauraet
818 3184 852 3239 N
935 3186 986 3240 277
1005 3200 1127 3253 reparare
1144 3184 1198 3239 ΒΟ
1281 3190 1347 3253 post

197 3274 252 3328 277
281 3273 339 3327 aad.
366 3289 405 3326 us.
431 3272 481 3328 108
499 3288 554 3341 sqq.
583 3270 627 3327 Oo
723 3274 774 3328 278
802 3269 836 3324 ad
863 3272 958 3338 BNV,
984 3274 1032 3325 aut
1061 3273 1104 3326 Oc
1191 3269 1292 3325 ididem
1324 3272 1347 3327 0

197 3361 252 3416 279
280 3358 358 3412 corde
385 3378 401 3413 e
488 3358 531 3428 pie
556 3360 625 3414 coni.
644 3359 786 3427 Heinsius,
813 3358 889 3427 pium
911 3360 976 3427 fort.
998 3360 1046 3414 sed
1069 3360 1103 3427 cs.
1127 3359 1203 3428 epist.
1223 3363 1264 3425 52,
1288 3363 1347 3415 cd

198 3446 309 3501 nouisse
326 3448 387 3515 Ba,
408 3447 486 3500 uouis
509 3446 550 3513 (in
568 3445 644 3499 uobis
664 3446 742 3516 corr.)
761 3462 787 3499 se
805 3447 839 3499 N
906 3448 957 3502 280
975 3446 1114 3514 loquentes
1131 3464 1151 3500 a
1221 3448 1270 3503 281
1291 3445 1346 3516 dei]

200 3532 506 3606 tenesmsedctcocdet
522 3534 619 3588 Vm.3
662 3533 849 3601 monitusN¹,
867 3533 1006 3588 montisO
1048 3535 1157 3603 pannio
1201 3535 1253 3589 282
1270 3550 1347 3603 prae-

200 3622 272 3676 senti
297 3621 333 3675 V¹
409 3623 460 3677 283
479 3619 519 3691 id]
542 3620 593 3673 hoc
615 3639 635 3674 a
709 3636 772 3673 sano
796 3621 822 3672 V
894 3619 1047 3689 diplicuisse
1069 3620 1107 3674 V¹
1178 3623 1229 3677 284
1252 3619 1275 3673 si
1293 3620 1348 3675 ΒΟ

199 3728 243 3765 aa.
261 3709 398 3765 aas-331
419 3726 469 3765 om.
488 3726 509 3761 η
582 3710 634 3763 285
652 3706 755 3761 sancxit
772 3706 812 3773 N,
839 3705 939 3761 sancolt
960 3707 998 3761 V¹
1073 3707 1149 3761 iuuet
1165 3708 1200 3774 B,
1227 3706 1303 3761 iubat
1326 3708 1352 3761 V

201 3812 236 3850 ne
255 3796 291 3862 B,
310 3812 361 3851 om.
377 3796 409 3851 N
458 3794 561 3864 penitet
579 3794 633 3849 ΒΘ
685 3796 736 3849 286
755 3793 852 3847 stultos
865 3794 919 3848 ΒΟ
971 3792 1088 3864 esso'ffl
1137 3797 1187 3850 287
1206 3810 1281 3847 mora
1293 3794 1347 3848 ΒΟ

200 3886 255 3940 288
274 3882 379 3952 rapiens
399 3883 437 3951 N,
456 3881 561 3951 sapiens
579 3880 602 3949 (s
621 3898 654 3936 eor
672 3898 686 3935 c
704 3898 771 3937 corr.
788 3900 823 3935 m.
835 3882 863 3949 2)
886 3882 912 3935 V
979 3880 1110 3949 quidquid
1132 3882 1180 3935 Va
1249 3884 1349 3935 estest

200 3970 311 4039 scripsi,
333 3972 373 4023 ost
396 3968 456 4038 ΒΟ,
484 3968 625 4023 esthemo
648 3968 714 4037 NO,
741 3970 872 4023 astuto
972 3971 1022 4023 290
1041 3967 1085 4035 qui
1108 3969 1135 4024 V
1158 3966 1178 4032 (i
1195 3984 1228 4023 ex
1245 3984 1261 4020 o
1279 3986 1347 4022 corr.

201 4076 238 4113 m.
252 4058 280 4125 3)
350 4054 447 4126 pabata
468 4058 499 4109 ut
517 4057 551 4112 N
617 4056 667 4112 291
687 4052 772 4123 adque
795 4055 822 4109 V
888 4054 1109 4109 ecomitabilisO
1178 4057 1230 4110 292
1247 4054 1348 4124 iudice]

200 4142 293 4198 lucide
312 4144 339 4197 Β
408 4144 459 4199 293
481 4145 510 4196 at
532 4142 594 4211 Bo,
622 4144 648 4195 et
671 4142 732 4197 NV
797 4156 923 4210 praesens
949 4143 1055 4211 tempus
1077 4140 1111 4195 N
1178 4143 1230 4196 294
1253 4140 1299 4195 dm
1322 4142 1349 4195 B

201 4232 256 4287 295
274 4232 369 4283 exutus
391 4229 428 4285 0ι
489 4228 629 4283 hominum
648 4228 709 4283 BN
768 4228 952 4296 quaerimonia
973 4229 1000 4283 V
1057 4226 1184 4281 membris
1207 4229 1233 4281 V
1245 4230 1350 4297 partim

201 4321 235 4373 in
257 4334 314 4372 ras.
337 4320 411 4371 m.2
497 4315 884 4382 conlaudandam
971 4314 1078 4383 linguae
1106 4314 1181 4370 Via
1201 4332 1256 4370 rac.
1280 4318 1350 4369 m.3

202 4406 259 4461 298
278 4402 436 4471 dextereque
456 4403 489 4457 N
