3217 4950
494 441 663 511 appendix.
682 458 811 497 carmen
829 442 880 508 111,
893 442 1046 507 ele-1111,
1059 446 1100 500 28.
1301 426 1363 490 357

486 639 558 695 quoe
574 621 622 679 uix
637 622 801 696 pannuciis,
818 622 883 697 quis
898 622 987 693 uniet,
1002 622 1053 681 ille
1067 623 1149 698 tegit.

435 710 480 767 est
495 708 565 766 mihi
580 726 653 781 quae
667 708 768 782 primis
783 709 897 767 Christo
912 712 1025 769 secreta
1040 712 1093 769 sub
1109 710 1195 769 annis

486 798 607 855 excubat
621 796 738 871 egregie
751 795 935 872 simplicitate
951 812 1039 857 eonor.

360 889 391 938 in
435 883 506 941 haec
520 885 574 941 nub
590 885 666 942 sorte
680 882 744 957 peri
758 882 867 942 luctum
884 882 946 943 eine
962 883 1019 943 fine
1033 886 1184 943 retentans

434 968 549 1044 priuata
564 973 608 1028 eet
623 968 713 1029 eculin
729 970 785 1028 ium
800 988 889 1045 prope
904 970 997 1029 flendo
1013 972 1083 1030 suis.

486 1056 747 1131 quantulacumque
762 1056 819 1115 init
834 1057 945 1131 direpte
960 1060 1005 1116 eet
1020 1060 1121 1118 nuntie
1136 1058 1274 1133 supellex,

436 1161 489 1203 nec
503 1146 549 1202 eet
563 1144 618 1203 hen
633 1142 747 1203 miserie
763 1144 813 1219 qui
828 1142 904 1205 ieret
918 1144 995 1204 uilue
1010 1162 1100 1219 opem.

487 1229 611 1290 ceninnx
626 1232 671 1290 eet
685 1230 786 1290 fratris
801 1234 888 1291 rebus
903 1232 1018 1291 exclusa
1033 1231 1173 1307 paternis,

358 1326 392 1375 20
436 1316 549 1392 iamque
564 1335 663 1377 eumue
679 1318 772 1377 neruis
787 1318 951 1378 rusticitate
966 1336 1059 1393 peres,

487 1404 624 1465 nubiliten
638 1404 726 1481 periit
739 1405 864 1477 mineris,
881 1406 1020 1465 successit
1035 1409 1157 1482 egestae.

436 1492 594 1564 debuimus,
609 1492 711 1565 fateor,
727 1492 874 1568 asperiore
888 1493 963 1567 peti;

488 1580 537 1637 sed
551 1580 696 1649 miserere,
710 1582 815 1654 potens
830 1582 933 1651 recten,
948 1580 1082 1640 miserere
1097 1581 1265 1655 precantum

437 1668 466 1723 et
479 1668 595 1725 tandem
610 1666 697 1725 tinem
711 1666 768 1737 hie,
784 1666 841 1741 pie,
858 1684 932 1743 pone
947 1667 1039 1726 melis.

359 1762 393 1809 25
488 1754 634 1828 captiuum
649 1752 759 1830 patriae
773 1755 859 1813 redde
874 1756 903 1814 et
917 1754 1094 1828 genitalibus
1109 1753 1197 1824 annin,

436 1858 500 1900 cum
514 1840 632 1901 medicie
646 1845 732 1901 rebus
747 1840 873 1901 culmine
888 1842 973 1901 redde
988 1840 1083 1912 simul,

488 1946 570 1987 mens
585 1931 687 1987 nostre
701 1930 734 1987 ut
749 1927 862 1987 Christo
877 1928 976 1987 laudes
992 1928 1023 1987 in
1039 1926 1133 1987 saecla
1147 1926 1322 2001 frequentet,

435 2016 552 2075 reddere
566 2015 616 2089 qui
631 2016 710 2076 solue
725 2014 852 2091 praemia
866 2014 954 2091 digne
969 2018 1072 2089 potest.

274 2206 307 2259 19
325 2205 420 2258 coniux
437 2204 501 2259 Mai
553 2205 587 2259 26
605 2202 739 2259 euman
787 2206 821 2259 27
841 2202 973 2258 seculuT
1022 2204 1056 2259 28
1073 2204 1162 2271 potest
1179 2200 1252 2262 τιλως
1271 2201 1297 2255 Τ
