3217 4950
605 431 631 484 S.
644 429 777 485 Paulini
796 429 915 484 Nolani
934 429 1081 500 episcopi

377 607 458 688 quod
481 606 573 670 solita
595 605 628 670 in
651 609 759 670 saucio
782 606 922 689 depromi
945 607 1067 670 cantica
1088 606 1207 686 templo

376 710 455 774 haee
478 711 516 775 ad
539 710 665 774 delicias
689 711 750 776 sibi
773 728 830 775 nos
853 714 980 774 cantare
1002 708 1131 774 iubebat
1224 708 1227 712 ’

375 814 478 899 inpius
501 815 554 880 ille
577 815 668 879 domo
692 815 745 896 qui
768 831 825 878 noe
849 814 1021 879 abduxerat
1044 815 1152 878 hostie.

376 937 489 1002 ergone
513 919 635 984 diuinas
658 918 767 982 laudes
791 923 824 984 ot
844 920 985 982 carmina
1007 919 1102 982 castis

314 1029 352 1085 15
377 1027 450 1107 apta
472 1022 574 1088 choris
596 1023 678 1087 inter
700 1039 789 1086 sacra
811 1021 946 1088 barbara
968 1022 1121 1104 ioedaque
1142 1021 1237 1086 busta

375 1128 456 1192 inter
480 1131 511 1190 et
533 1144 680 1190 accensas
704 1127 838 1192 funestis
861 1125 986 1210 ignibus
1011 1145 1080 1190 aras

373 1231 449 1295 heu!
472 1232 554 1295 male
577 1230 615 1294 de
638 1233 743 1296 nostro
760 1232 858 1313 ¹laetis
881 1248 1021 1295 maerore
1044 1248 1194 1295 ennomus

374 1335 471 1416 doque
495 1336 544 1417 pio
567 1335 629 1399 ritu
652 1335 760 1399 luxum
783 1336 934 1398 faciemus
957 1336 1110 1418 iniquum,

373 1439 506 1522 mystica
528 1439 566 1502 ad
589 1438 735 1503 hostilem
758 1439 956 1504 modulantes
979 1440 1101 1503 cantica
1121 1439 1256 1503 ludum?

312 1551 351 1605 20
375 1560 436 1625 quo
459 1543 565 1607 miseri
588 1561 671 1607 nuuc
694 1561 746 1608 ore
769 1561 874 1607 sacros
898 1542 1095 1607 cantabimus
1117 1545 1272 1626 hymnos?

374 1664 475 1728 quoue
498 1648 565 1711 loco
589 1646 730 1729 Babylon
753 1648 855 1729 poscit
876 1646 938 1711 sibi
960 1647 1083 1711 cantica
1105 1647 1199 1712 Sion?

375 1751 429 1815 sed
450 1751 568 1815 domini
592 1769 718 1815 carmen
741 1752 835 1815 tellus
859 1751 961 1816 aliena
985 1753 1096 1815 mereri

373 1873 436 1920 non
459 1855 551 1938 capit,
575 1855 720 1938 indignes
744 1871 834 1919 sacra
855 1873 914 1920 uer
937 1856 1092 1920 auertitur
1114 1873 1213 1919 aures.

375 1960 400 2023 si
423 1962 529 2023 tamen
552 1962 587 2023 ut
609 1959 709 2042 captis
733 1959 878 2024 dominus
901 1959 1068 2023 uiolentior
1092 1937 1203 2040 instas,

311 2072 351 2126 25
375 2067 407 2128 et
429 2063 455 2127 si
478 2066 585 2128 tantus
608 2081 696 2129 amor
718 2063 790 2128 Sion
813 2064 868 2146 pia
889 2081 1018 2128 noscere
1039 2062 1129 2128 uobis

374 2167 503 2248 cantica,
527 2168 554 2231 si
574 2169 679 2251 pergis
703 2187 753 2232 me
777 2186 887 2252 eogere
910 2185 973 2232 uon
996 2172 1051 2233 tua
1071 2169 1131 2232 fari

374 2276 405 2336 et
427 2271 532 2336 durna
554 2272 611 2336 tibi
633 2289 786 2354 quaenam
810 2274 874 2338 sint
894 2273 1017 2337 mutina
1039 2272 1122 2354 Sion,

373 2377 478 2461 accipe
501 2377 574 2459 quid
597 2382 706 2459 captae
730 2378 806 2442 dens
830 2378 911 2442 ultor
934 2378 1086 2461 spondeat
1108 2378 1188 2458 urbi,

372 2502 411 2547 ne
434 2483 563 2566 longum
588 2501 693 2566 speres
716 2484 775 2547 isto
799 2484 935 2567 gaudere
959 2484 1127 2567 triumpho,

310 2596 350 2651 30
373 2586 468 2671 inpie,
491 2604 552 2669 quo
577 2605 700 2651 sacrum
723 2588 813 2671 prodi
834 2587 892 2652 tibi
913 2588 1066 2670 praecipis
1090 2589 1258 2671 hymnum;

372 2708 442 2755 ecce
466 2691 536 2772 quis
560 2694 609 2755 est
631 2691 766 2774 hymnus
790 2692 917 2773 domim,
939 2710 1020 2773 quac
1042 2693 1165 2755 cautim
1185 2690 1274 2756 Sion:

372 2794 397 2858 si
420 2795 507 2859 forero
530 2794 645 2860 oblitus
668 2812 739 2859 mea
761 2797 895 2876 moenia,
919 2800 961 2876 te,
985 2814 1056 2861 moa
1077 2814 1160 2876 eura,

371 2898 446 2963 urbs
469 2898 680 2979 Hierusalem,
703 2898 759 2963 fiat
782 2918 853 2963 mea
874 2918 937 2964 non
959 2918 1080 2964 memor
1103 2918 1253 2982 umquam

372 3001 479 3066 deutra
502 3002 573 3082 mei,
597 3022 668 3067 mea
690 3004 799 3089 lingua
820 3004 900 3068 meis
924 3008 955 3068 et
978 3004 1147 3069 adhaereat
1169 3022 1260 3069 arens

310 3112 348 3167 35
372 3106 524 3187 faucibus,
549 3110 675 3172 aeterno
698 3108 759 3171 uisi
781 3112 813 3171 te
836 3109 1014 3191 conplectar
1037 3127 1142 3174 amore

372 3216 404 3274 et
425 3210 487 3275 nisi
509 3211 659 3294 principio
682 3212 829 3295 promissi
850 3213 883 3275 iu
907 3214 1032 3277 saecula
1052 3214 1142 3297 regni

370 3313 571 3396 laetitiaeque
594 3334 682 3380 meae
704 3317 804 3398 primo
827 3317 1012 3381 reminiscar
1033 3318 1066 3381 iu
1089 3336 1182 3397 anuo,

371 3420 401 3481 te
424 3419 556 3499 cunetis,
579 3418 789 3499 Hierusalem,
812 3438 1002 3503 praeponere
1024 3422 1126 3485 terris.

372 3525 437 3586 esto
461 3526 669 3587 mamertum
693 3524 788 3607 prolis
812 3524 922 3604 hidem,
946 3528 982 3589 ut
1003 3544 1095 3589 uersa
1116 3526 1185 3591 uice
1207 3529 1350 3590 nostrum

308 3634 349 3690 40
372 3626 523 3708 adspiciat
545 3628 674 3692 confusa
696 3630 789 3709 diem,
813 3646 875 3710 quo
897 3628 987 3712 plebs
1010 3634 1064 3694 tua
1083 3632 1200 3695 claram

371 3732 535 3795 moenibus
559 3732 693 3796 aeternis
715 3732 915 3798 Hierusalem
938 3732 1104 3814 habitabit,

370 3834 421 3898 eui
444 3853 526 3899 nunc
549 3854 626 3918 gens
649 3835 747 3900 oblita
770 3838 817 3902 tui
840 3838 964 3902 crudele
987 3839 1123 3903 minatur

313 3998 345 4053 13
363 3996 448 4051 hostis
466 4016 489 4064 n,
507 3998 597 4053 hostes
619 4000 666 4053 On
734 4003 765 4055 15
784 4000 852 4054 coris
871 4021 890 4053 a
957 4004 988 4057 17
1007 4019 1109 4056 merore
1127 3970 1213 4057 camenas
1230 4023 1250 4055 π
1323 4007 1355 4060 18
1372 4004 1408 4057 de

266 4098 318 4150 quo
339 4082 362 4138 0
431 4085 532 4139 inicum
554 4086 577 4142 0
649 4090 680 4141 19
703 4087 823 4140 misticae
845 4088 880 4139 π’
950 4092 983 4143 20
1006 4089 1121 4157 hymnus
1143 4091 1166 4146 0
1234 4093 1266 4145 21
1290 4094 1368 4145 canta
1385 4110 1408 4145 n

265 4170 300 4225 34
317 4170 420 4273 instans
438 4190 458 4225 π
511 4175 545 4228 26
563 4172 615 4226 lari
633 4174 659 4241 (a
676 4175 707 4227 a'a
723 4176 789 4241 ros.)
808 4193 828 4225 rr
879 4193 920 4229 aa.
933 4177 1036 4231 28-31
1050 4195 1101 4231 om.
1116 4178 1162 4245 0¹,
1179 4178 1285 4233 addis
1301 4195 1354 4248 rap.
1367 4178 1409 4233 0¹

265 4284 297 4338 31
317 4283 363 4350 qui
381 4302 401 4335 π
472 4284 517 4352 qui
535 4289 613 4337 conta
631 4304 651 4337 π
720 4288 754 4341 32
776 4286 851 4341 fuere
873 4306 894 4339 π
963 4290 999 4343 34
1016 4287 1123 4343 adereat
1140 4308 1160 4342 n
1230 4294 1264 4346 39
1286 4290 1366 4345 mum
1384 4310 1408 4345 n

265 4373 390 4423 austrum
407 4390 427 4423 π
480 4374 514 4427 40
533 4387 582 4439 que
601 4391 620 4424 n
