3217 4950
577 454 705 493 carmen
722 436 839 501 XXIIII,
858 440 1003 495 530-587.

532 634 571 679 55
594 615 764 680 misceatur
785 615 925 697 copulae,
1039 628 1040 631 ’

481 736 575 802 quam
598 722 807 802 consequatur
829 718 971 803 protinus
995 716 1163 802 captiuitas

375 831 436 887 560
533 823 701 889 infirmitas
724 828 756 889 et
777 823 924 905 caecitas,

479 928 555 993 licet
575 928 628 993 ille
651 929 740 993 sortis
761 931 873 1012 postea
893 927 1048 1011 receperit

531 1032 627 1098 robur
648 1032 776 1098 recretis
799 1032 937 1097 crinibus

482 1156 641 1221 manuque
664 1137 776 1202 ductus
799 1137 838 1201 dc
862 1138 946 1203 mole
967 1136 1007 1202 ad
1029 1134 1199 1201 ludibrium

532 1242 656 1308 hostillo
680 1241 868 1307 exultantiae

377 1354 438 1409 565
483 1346 515 1411 15
538 1347 687 1412 caecitate
710 1346 847 1430 corporis
871 1349 978 1411 mente
1000 1346 1126 1411 intuens

533 1452 654 1516 uocarit
675 1452 810 1516 ultorem
836 1451 940 1516 deum.

482 1556 514 1620 et
535 1556 680 1621 restituto
703 1572 775 1620 mox
797 1555 919 1639 capillis
942 1554 1052 1621 robore

533 1660 705 1743 prostrauit
725 1660 873 1725 hostilem
897 1660 1042 1735 domum;

483 1764 571 1829 onius
594 1766 756 1829 columnas
779 1765 889 1829 fortior
911 1764 994 1829 saris
1018 1782 1131 1829 munus

378 1879 440 1935 570
536 1874 572 1935 ut
594 1871 708 1936 clausit
730 1871 876 1954 amplexu
901 1870 1001 1954 gredi,

483 1975 633 2059 conlapsa
654 1975 762 2039 fulcris
786 1978 871 2039 tecta
893 1974 1055 2039 subductIs
1078 1974 1175 2039 humo

535 2080 673 2145 cecidere
695 2080 728 2144 in
751 2080 870 2163 lpsum;
895 2079 950 2143 sed
973 2082 1081 2144 tamen

483 2188 516 2249 et
537 2188 637 2249 morte
659 2181 719 2269 <15>
741 2184 810 2268 ipse
832 2184 1020 2267 praepotens
1042 2183 1134 2249 heros
1158 2183 1206 2248 dei

536 2289 642 2354 hostes
664 2289 774 2353 ruinae
796 2288 924 2353 miscuit

380 2400 441 2455 555
486 2395 518 2457 55
538 2393 674 2478 gloriosa
697 2394 798 2457 morte
821 2392 968 2477 pensauit
991 2390 1052 2458 sibi

534 2498 620 2563 ultae
642 2497 790 2562 subactae
814 2497 957 2562 dedecus.

484 2605 538 2686 qui
560 2622 670 2669 seruus
693 2603 783 2669 hoste
804 2603 958 2687 glorIantc
981 2603 1109 2684 triuerat,

536 2709 626 2773 hoste
647 2707 759 2772 obruto
781 2708 882 2773 uictor
904 2707 989 2772 cedit

485 2817 517 2878 et
538 2814 629 2897 plura
649 2812 787 2877 moriens
809 2812 968 2877 interemit
990 2812 1087 2894 milia,

381 2926 442 2982 580
538 2936 632 3001 quam
654 2917 748 2982 uiuus
770 2917 979 2982 interfecerat.

483 3023 626 3087 imitetur
647 3022 744 3086 istam
766 3021 849 3085 lilius
872 3024 979 3086 noster
1002 3022 1073 3086 uolo

537 3127 583 3191 sio
605 3131 706 3192 morte
729 3129 874 3208 mortem,
897 3129 934 3191 ut
953 3143 1142 3209 permanens

485 3232 517 3296 in
539 3249 632 3296 carne
654 3248 782 3296 earnem
804 3231 912 3295 uincet
935 3233 966 3295 55
988 3231 1077 3295 51555
1100 3231 1166 3312 deo,

537 3338 665 3420 peccata
687 3336 790 3400 555515
814 3336 1002 3419 opprimens.

383 3448 442 3503 585
487 3440 543 3504 sed
566 3441 637 3505 nolo
659 3441 761 3504 carnis
784 3439 909 3524 gaudiis
931 3444 968 3504 ut
990 3439 1098 3504 noxiae

538 3544 615 3610 dolis
639 3544 787 3609 subactus
810 3545 947 3610 feminae

486 3649 610 3714 addicat
633 3649 783 3730 animum,
806 3653 917 3731 postea
939 3649 995 3714 liat
1017 3648 1167 3730 hostium,

270 3877 322 3932 559
340 3875 482 3945 5555151555
499 3873 644 3929 1511551555
660 3892 685 3945 5,
704 3874 848 3929 infirmius
866 3875 1008 3945 captiuites
1027 3875 1083 3932 ΒΟ
1134 3877 1183 3931 561
1204 3873 1328 3945 reciperit
1344 3874 1367 3931 0

223 3965 279 4020 562
297 3961 390 4016 roboro
407 3962 487 4018 cretis
499 3963 527 4017 B
579 3965 631 4020 568
647 3963 791 4032 prostrarit
810 3965 976 4034 conisusque
992 3981 1053 4019 oum
1070 3963 1256 4032 sparsorum
1273 3963 1366 4018 Sacoln.

224 4053 279 4108 578
296 4049 326 4103 in
343 4051 440 4119 Rosea,
457 4051 598 4108 om.BOo
667 4049 834 4106 sustitit)
907 4053 958 4106 576
976 4048 1106 4104 subducte
1124 4051 1152 4105 B
1223 4052 1272 4106 577
1291 4049 1366 4104 155555

223 4139 327 4208 Romu,
343 4137 429 4191 hostis
447 4138 523 4194 BOo
585 4136 671 4192 hostis
689 4136 830 4206 gloriantis
849 4140 918 4194 coni.
932 4139 1109 4195 Zectmetstcr
1179 4138 1229 4192 579
1247 4136 1326 4206 plura
1342 4157 1367 4206 o,

223 4223 343 4296 plurim
354 4225 409 4280 ΒΟ
461 4224 586 4283 582513
639 4226 1044 4282 58855555555551555555555
1057 4227 1170 4278 mortem
1183 4225 1368 4281 corr.Bm.2

224 4312 279 4367 584
297 4311 431 4380 oprimens
448 4312 476 4367 B
550 4315 600 4368 585
619 4310 719 4366 soloO
798 4315 848 4368 587
867 4311 969 4381 postca]
989 4316 1015 4365 ct
1033 4311 1131 4380 pracda
1150 4311 1217 4366 ocni.
1231 4313 1367 4381 11555555,

223 4401 289 4468 post
306 4401 333 4452 55
349 4401 393 4454 uel
409 4399 520 4468 posthac
537 4402 600 4468 sort.

280 4492 341 4535 111.
356 4493 440 4535 Paulini
453 4493 501 4536 Nol.
516 4494 616 4535 carmine.
1180 4491 1210 4537 lo
