3217 4950
256 418 318 486 160
333 514 337 520 Ι
587 438 613 494 S.
626 439 759 495 Paulini
777 440 897 495 Nolani
915 440 1060 512 episcopi

356 634 497 699 5555555
520 617 586 681 5515
609 616 732 701 proprie
754 618 836 701 gerit
857 617 961 682 hio'in
985 617 1121 698 sedibus,
1145 618 1247 683 edam.

400 721 483 786 unde
506 720 601 806 igitur
624 721 739 787 leolam
761 721 886 791 texendi
908 722 1055 787 carminis
1078 724 1206 788 orsum?

358 844 438 908 5555
460 825 543 891 1555
566 825 679 890 Felicis
701 825 858 890 referam?
881 844 960 908 5555
984 827 1085 891 multa
1107 845 1164 909 per
1185 844 1294 892 omnes

357 930 476 1014 passim
500 930 574 1015 agit,
598 930 760 1013 expediam
783 930 895 1015 magis,
919 947 1000 995 anne
1024 931 1197 995 domestice
1219 931 1319 998 dioam

296 1036 336 1099 50
360 1054 501 1116 munera,
524 1053 658 1119 quorum
681 1051 738 1119 ego
762 1053 834 1099 som
858 1036 1001 1118 specialis
1025 1034 1147 1101 debitor
1169 1036 1237 1100 illi?

357 1140 435 1205 haee
457 1140 560 1222 potius
582 1142 734 1223 repetam,
757 1139 836 1205 mihi
859 1157 938 1220 5555
961 1140 1085 1205 oonlata
1109 1139 1248 1223 meisque

357 1248 408 1309 sat
430 1244 574 1318 memini;
598 1248 630 1308 et
653 1244 725 1326 5515
746 1244 924 1327 praeteritis
948 1246 1049 1328 magis
1072 1244 1126 1309 illa
1148 1243 1261 1309 libellis

357 1349 440 1413 diota
462 1349 549 1430 mihi,
572 1367 652 1431 quae
674 1349 788 1432 partim
814 1349 882 1413 aliis
906 1349 1121 1432 permixtaque
1144 1348 1234 1413 nohis

356 1453 521 1535 praestitit,
545 1471 582 1517 ex
604 1453 653 1517 his
676 1472 761 1517 nuno
783 1454 903 1537 opibus
927 1470 1005 1535 5555
1027 1453 1157 1536 largiter
1178 1453 1211 1517 in
1233 1469 1289 1518 nos

296 1563 337 1618 55
360 1557 502 1637 55515111,
525 1556 609 1621 huno
632 1558 737 1621 animo
760 1560 865 1622 texam
888 1560 1034 1641 gratante
1057 1556 1210 1636 libellum,

358 1664 390 1727 51
412 1664 520 1725 eontra
542 1661 669 1726 solitum
692 1662 778 1726 uario
801 1661 1014 1726 modulamine
1039 1678 1168 1741 morem,

358 1767 439 1829 51551
461 1766 582 1848 etipse
605 1766 683 1831 mihi
705 1766 806 1830 uarias
829 1767 910 1848 parit
932 1764 1078 1831 omnibus
1101 1764 1191 1830 annis

358 1869 517 1950 materias,
541 1870 670 1936 mutabo
693 1871 802 1937 modos
826 1870 967 1953 serieque
990 1870 1048 1935 sub
1072 1888 1145 1951 una,

358 1992 420 2039 non
443 1975 586 2039 unasub
609 1975 679 2058 lege
702 1974 767 2040 dati
790 1975 868 2059 pede
891 1975 1038 2040 carminis
1061 1976 1123 2040 ibo.

297 2086 337 2142 60
360 2096 436 2143 nam
458 2079 550 2161 quasi
571 2078 703 2144 seeundo
727 2080 830 2144 555511
852 2078 965 2145 Felicis
988 2079 1021 2144 in
1044 2098 1118 2163 agro

358 2202 514 2249 emersere
537 2183 611 2249 noui
632 2183 734 2264 flores,
758 2184 818 2249 duo
841 2183 983 2267 germino
1007 2182 1131 2264 Christi,

359 2286 491 2353 Turoius
514 2306 567 2353 ore
589 2288 652 2371 pio,
675 2287 806 2353 florente
829 2286 957 2353 Suetius
981 2307 1069 2370 aeno,

360 2395 391 2456 et
412 2393 531 2476 paritor
553 2396 680 2457 sanotae
702 2396 819 2457 matres
843 2394 1023 2475 similesque
1044 2394 1180 2477 puellae,

357 2497 442 2562 Allia
465 2498 565 2580 qualis
588 2501 655 2562 erat
677 2516 763 2564 soror
785 2499 840 2563 illa
863 2497 1055 2564 Philemonis
1082 2499 1157 2565 olim

297 2610 337 2666 65
360 2601 485 2683 nobilis,
508 2603 541 2666 in
563 2602 656 2667 titulo
680 2620 776 2685 quam
798 2602 903 2687 signat
926 2602 1058 2686 epistola
1080 2602 1180 2682 Pauli,

360 2709 392 2770 et
414 2705 510 2770 simul
531 2705 687 2772 Eunomia
709 2707 844 2772 aeternis
867 2708 931 2772 iam
953 2711 1045 2790 poeta
1067 2707 1174 2790 uirago

359 2809 392 2874 in
415 2810 501 2875 eaelo
525 2811 683 2891 thalamis,
706 2830 801 2894 quom
825 2812 935 2877 matris
959 2811 998 2876 ab
1022 2811 1117 2876 ubere
1140 2815 1262 2896 raptam

359 2916 473 2981 festino
496 2897 644 3000 plaoitam
667 2916 728 2982 sibi
752 2915 895 2982 Christus
919 2933 1023 2981 amore
1047 2916 1164 2982 (1155511

360 3024 583 3104 unguentoque
605 3021 655 3085 551
676 3020 813 3105 perfudit
835 3021 983 3101 nominis,
1006 3021 1088 3086 unde

300 3132 340 3187 ⁷0
362 3125 462 3189 115515
484 3141 590 3190 eomas
613 3125 738 3190 animae
761 3128 792 3190 et
816 3125 931 3190 mentis
955 3128 1050 3208 eaput
1072 3129 1167 3190 unota
1187 3125 1332 3208 pudionm

360 3228 461 3313 spirat
482 3247 518 3294 5ο
541 3247 645 3295 saeros
669 3230 776 3312 sponsi
798 3229 942 3294 caelestis
966 3230 1090 3304 odorem

359 3333 438 3398 haeo
459 3333 579 3400 Melani
601 3353 687 3400 soror
710 3340 760 3400 est
782 3335 877 3400 simul
901 3338 933 3400 et
955 3333 1045 3418 quasi
1067 3333 1141 3416 filia,
1165 3333 1251 3398 ouius

361 3437 470 3504 haeret
493 3455 590 3504 ouans
613 3440 703 3504 lateri
725 3457 912 3524 germanum
936 3442 1028 3504 55515
1050 3438 1248 3523 magistrum.

362 3561 441 3624 quae
464 3544 559 3608 simol
582 3543 729 3609 astrictae
752 3543 865 3609 diuinis
889 3543 1013 3610 dotibus
1037 3543 1148 3608 ambae

300 3655 339 3709 75
362 3647 516 3712 uirtutum
538 3649 642 3712 uarias
665 3649 796 3713 515155
819 3648 948 3714 monilia
969 3665 1111 3732 gemmas

360 3810 407 3880 54]
425 3811 506 3878 (rm.
521 3815 544 3876 1.
557 3813 592 3880 2).

299 3961 334 4015 46
346 3975 406 4012 5555
419 3957 461 4013 Α1
520 3958 604 4027 egerit
616 3959 691 4014 Mor.
751 3961 918 4028 51qusAD
980 3963 1013 4016 60
1026 3960 1101 4028 55551
1113 3961 1220 4031 respui,
1239 3958 1301 4028 5515
1313 3959 1402 4014 ADE

256 4048 290 4102 62
308 4046 407 4100 turtius
419 4047 450 4101 11
511 4045 635 4100 florentes
648 4047 678 4100 D
741 4045 846 4100 suerius
863 4046 899 4116 E,
918 4047 1033 4100 suetrius
1052 4048 1087 4116 A,
1106 4047 1208 4101 ustrius
1224 4047 1262 4116 D,
1281 4046 1399 4100 suecrius

257 4133 331 4188 Mur.
385 4133 546 4190 taterhsset
563 4133 908 4202 64556451655115555
924 4150 1018 4189 uersae
1037 4134 1187 4190 desiderari
1204 4139 1290 4190 555551
1307 4133 1398 4203 Misso.

257 4221 291 4274 64
313 4219 419 4289 Apphia
440 4221 510 4276 costi.
523 4221 613 4290 111155.
683 4221 718 4275 67
741 4217 775 4274 ab
793 4220 830 4289 E,
853 4217 902 4276 sub
920 4220 978 4274 AD
1047 4222 1081 4275 70
1099 4235 1188 4274 eomas
1210 4219 1315 4274 enirnao
1331 4221 1399 4286 AD,

257 4321 360 4360 oomam
378 4307 408 4361 E
459 4309 486 4360 et
504 4307 602 4361 mentis
620 4305 707 4376 capud
725 4307 790 4376 AD,
809 4305 912 4361 meritis
930 4306 1012 4360 saeris
1029 4308 1060 4361 Ε
1114 4307 1206 4362 155515
1224 4309 1252 4362 Α
1304 4323 1400 4362 uerus

258 4394 379 4447 71-123
394 4410 446 4446 om.
458 4395 516 4448 AD
527 4396 601 4449 Mar.
655 4395 687 4449 71
707 4410 738 4448 eo
756 4395 855 4462 Misso,
874 4393 899 4448 io
919 4394 949 4448 Ε
