3217 4950
257 431 319 498 130
587 444 1062 515 s.1>aurrnru0nnreprseopr
1155 497 1157 500 ,

275 632 336 688 335
359 627 396 688 ιι
417 641 476 688 sus
496 623 676 707 spostoliois
699 623 836 687 muniret
859 621 983 686 moenie
1003 621 1106 684 laetus

359 728 549 811 corporibus.
573 731 649 792 tuno
670 726 833 818 Andreum
856 725 981 790 deuexit
1002 724 1133 789 thiuis

359 832 620 916 Timotheumque
641 831 733 908 Asis;
756 831 892 915 geminis
915 829 960 895 its
982 827 1122 895 turribus
1145 830 1230 892 extet

359 936 655 1020 Constantinopolis,
679 954 813 1020 magnae
836 939 930 1019 caput
952 935 1077 999 aemula
1099 933 1228 1012 Romae,

358 1041 464 1105 uerius
486 1041 545 1106 hoo
567 1041 681 1106 similis
702 1040 853 1105 Romanis
876 1039 1012 1104 oulmine
1036 1038 1143 1118 muris,

276 1154 338 1210 340
362 1146 443 1228 quod
465 1146 596 1210 Petrum
617 1145 815 1227 Paulumque
837 1144 906 1227 peri
929 1144 1005 1208 deus
1028 1142 1196 1207 ambitione

360 1249 564 1333 oonpensuuit
585 1249 624 1331 ei,
647 1249 762 1314 meruit
782 1267 864 1330 quse
886 1267 1010 1313 sumere
1032 1246 1123 1310 Pauli

360 1354 547 1437 discipulum
569 1371 642 1419 eum
664 1353 761 1418 botre
783 1353 878 1418 Petri.
902 1353 965 1417 iam
988 1355 1105 1434 quanto
1126 1369 1183 1432 per
1205 1350 1297 1413 istem

360 1461 541 1523 sanctorum
561 1477 618 1540 per
638 1458 734 1540 longa
755 1458 841 1522 uiam
864 1457 997 1522 diuortia
1019 1459 1120 1520 terroe

361 1563 493 1628 creuerit
513 1562 633 1627 utilitas
655 1561 695 1626 sd
718 1564 843 1627 nostrae
867 1562 974 1626 munia
997 1561 1090 1640 unitus,

277 1675 338 1730 345
361 1667 430 1751 ipse
452 1666 564 1732 donent
585 1666 738 1748 hodieque
760 1665 839 1745 loos,
863 1667 894 1730 in
917 1663 1032 1747 quibus
1053 1663 1109 1728 illu
1130 1662 1216 1727 besti

361 1771 459 1836 rheda
480 1789 577 1853 uapor
599 1770 702 1835 oneris
724 1770 829 1853 positu
850 1769 985 1834 statione
1007 1768 1122 1833 resedit

362 1874 509 1941 omnibus
530 1877 562 1939 in
586 1875 706 1959 spatiis,
730 1891 925 1957 quaeumque
947 1876 1004 1938 eut
1025 1873 1146 1937 mensio
1169 1870 1287 1936 sanetis

362 1978 541 2064 corporibus
564 1979 749 2062 requiesque
771 1979 832 2043 fuit
853 1977 1051 2043 ueetuntibus
1073 1976 1143 2042 illos

362 2088 501 2150 soorntos
523 2083 655 2164 eineres,
678 2082 764 2148 miris
787 2082 958 2147 elementis
979 2081 1087 2166 signis.

280 2196 342 2252 350
364 2205 440 2253 nem
461 2188 568 2254 diuino
589 2205 703 2252 monus
725 2186 848 2252 medios
869 2187 986 2251 uirtute
1008 2204 1063 2270 per
1086 2203 1195 2250 omnes

364 2296 413 2357 est
433 2293 497 2358 illio
519 2309 649 2376 operose
670 2292 749 2372 uias,
772 2308 835 2373 qus
856 2307 986 2374 eorpors
1008 2293 1118 2355 saneto

362 2397 539 2481 inpressoro
561 2413 649 2461 ssoro
671 2395 807 2480 uestigio
829 2395 904 2458 niue
926 2396 1042 2459 meatu.

362 2502 434 2566 indo
456 2502 553 2585 igitur
575 2500 728 2566 suadente
750 2499 811 2564 fido
834 2499 906 2565 dats
928 2499 1017 2583 oopis
1037 2498 1107 2563 fidis

363 2609 439 2671 tuno
465 2606 615 2671 eomitum
642 2604 763 2685 studiis,
794 2604 949 2687 quaedam
977 2607 1013 2668 ut
1039 2602 1099 2668 sibi
1124 2590 1254 2686 pignora
1280 2600 1399 2665 uellent

279 2718 341 2773 355
364 2708 488 2776 ossibus
511 2729 528 2773 e
550 2708 667 2774 eunetis
690 2708 802 2773 merito
825 2708 990 2792 decerpere
1012 2708 1126 2788 fructu,

363 2818 400 2879 ut
422 2814 512 2897 quusi
533 2814 710 2879 mercedem
732 2812 826 2877 officii
847 2813 1044 2895 pretiumque
1066 2811 1182 2876 laboris

364 2918 518 3003 praesidia
541 2918 580 2984 ed
602 2918 727 3001 priuata
749 2918 878 2983 domum
900 2916 961 2982 sibi
983 2916 1114 3000 quisque
1136 2915 1297 2980 referrent.

365 3042 402 3087 er
424 3022 477 3088 illo
500 3024 580 3088 seori
602 3023 723 3088 eineres
746 3022 836 3104 qussi
859 3020 1086 3087 seminarius

365 3127 496 3192 diuersis
519 3130 595 3193 sunt
615 3143 726 3211 sparso
746 3126 834 3207 loeis,
857 3143 981 3209 quaque
1003 3142 1073 3190 osse
1096 3124 1216 3188 minuto

282 3239 344 3295 360
367 3232 405 3296 de
428 3231 551 3296 modios
571 3231 652 3296 sueri
674 3231 756 3315 stipe
778 3230 913 3314 eorporis
937 3230 1066 3314 exiguus
1089 3246 1140 3293 ros

367 3336 480 3400 desidit
501 3334 535 3400 in
557 3338 677 3419 gentes,
699 3335 763 3400 illio
784 3335 838 3419 piu
858 3335 960 3418 gratie
981 3334 1083 3399 fontes

366 3442 398 3503 et
419 3438 531 3504 fluuios
553 3439 637 3505 nitus
660 3439 824 3523 generauit
845 3442 937 3523 gutta
957 3437 1094 3503 feuillse.

365 3543 438 3608 indo
460 3543 491 3608 in
515 3561 572 3609 nos
595 3544 692 3610 etium
713 3542 846 3608 stilleuit
867 3542 956 3625 oopin
979 3540 1095 3607 Christi

367 3647 455 3713 diues
482 3652 515 3712 et
538 3648 571 3713 in
597 3648 752 3724 minimis3
779 3664 855 3713 num
877 3647 936 3712 hoe
958 3663 1081 3729 quoque
1104 3644 1297 3729 sumpsimus
1319 3642 1401 3723 istie,

307 3960 358 4016 337
371 3958 601 4026 thimotheumque
614 3959 645 4013 E
694 3961 746 4014 339
761 3958 885 4014 hueAD
936 3926 1055 4027 340qu
1068 3958 1175 4027 (⁰m.2)
1188 3958 1215 4013 A
1267 3958 1316 4014 341
1336 3970 1401 4025 quqe

264 4047 302 4113 D,
320 4048 338 4115 q
354 4047 392 4115 A,
409 4047 473 4114 quia
489 4046 545 4099 ΔΕ
606 4044 821 4101 34510mtn1)
873 4050 945 4115 post.
963 4062 1004 4100 us.
1023 4047 1074 4101 349
1092 4062 1178 4101 torum
1194 4062 1302 4101 meum
1319 4046 1402 4099 toter-

264 4133 535 4203 odmepotaonim.
589 4130 812 4187 350diuinemD
863 4134 913 4188 351
927 4130 1022 4187 illisE
1070 4134 1216 4201 operatua
1266 4134 1403 4187 352ssura

264 4221 323 4275 AD
374 4222 426 4276 354
442 4222 503 4273 tum
519 4222 547 4274 A
599 4222 631 4273 ut
649 4218 713 4288 sibi]
731 4219 754 4273 si
770 4221 835 4288 fort.
888 4221 939 4276 355
958 4235 971 4274 e
990 4218 1051 4288 ΔΕ,
1069 4222 1098 4273 st
1114 4220 1172 4275 AD
1223 4220 1274 4275 357
1293 4217 1405 4272 referret

266 4305 320 4375 D¹,
336 4306 434 4361 referre
451 4307 480 4361 A
540 4308 592 4365 353
610 4305 706 4362 sineris
724 4307 783 4362 AD
839 4308 890 4364 359
908 4321 1073 4375 quorumque
1091 4309 1116 4359 Δ
1167 4306 1217 4362 331
1237 4304 1344 4370 decidit,
1361 4304 1403 4358 in·

265 4397 360 4462 gentes
378 4422 411 4432 -
429 4392 534 4447 fruetus
551 4397 576 4445 A
627 4394 679 4449 364
696 4392 758 4461 hoe]
777 4408 826 4447 nos
844 4395 914 4451 oeni.
932 4394 1017 4462 Meo„
1035 4392 1100 4447 huso
1117 4394 1180 4461 sort.
