3217 4950
577 463 706 503 carmen
723 447 839 516 XVIIII,
852 452 997 508 618-686.

368 623 424 690 illa
445 624 540 709 igitur
562 625 694 710 speeies,
717 643 811 709 quam
833 627 884 691 fur
906 628 1043 712 agitatus
1067 628 1168 692 auaris

324 729 504 794 ineassum
527 731 616 795 iuriis
639 731 794 814 pendente
817 731 962 797 refixerat
983 749 1063 797 uuee

324 834 504 918 pollutaque
527 853 624 900 manu
646 840 757 901 sanata
779 836 1003 902 amandauerat
1025 838 1106 919 aula,

325 939 383 1003 1666
404 956 497 1023 apere
520 944 569 1005 est
590 940 739 1024 perfecta,
761 941 863 1007 medis
886 946 923 1006 ut
945 942 1066 1007 consita
1087 942 1174 1006 miris

241 1049 303 1105 660
325 1047 471 1109 aeternae
493 1045 593 1110 erneis
616 1043 754 1130 effigiem
775 1047 921 1130 designet
943 1049 1118 1128 utramque,

324 1151 359 1212 ut
381 1149 483 1229 mede,
506 1151 533 1212 si
554 1148 652 1214 libeat
674 1150 808 1232 spectari
830 1151 1005 1214 domminus
1028 1151 1140 1234 ipsam,

324 1255 468 1335 prompta
490 1252 567 1318 fides
589 1255 700 1328 oeulis3
723 1272 798 1318 nam
820 1255 941 1319 reddita
963 1255 1063 1338 fulget
1085 1255 1117 1318 in
1140 1253 1208 1337 ipso

323 1374 384 1439 que
406 1356 507 1422 fuerat
530 1357 617 1441 prins
640 1362 714 1442 apta
735 1358 802 1423 1666
827 1362 858 1423 66
880 1358 1036 1423 uelamine
1059 1359 1155 1423 clausi

324 1461 430 1526 altaris
451 1461 565 1526 faeiem
586 1462 675 1546 signe
698 1463 824 1546 pietatis
847 1463 986 1528 adornat.

239 1571 301 1627 665
325 1583 397 1650 erge
420 1565 528 1631 666666
552 1567 670 1650 speeies
693 1566 828 1632 formam
850 1567 951 1632 aruris
975 1567 1072 1631 exerit
1093 1566 1192 1646 illam,

322 1688 401 1752 quae
423 1671 576 1735 trutinam
598 1675 730 1753 aequato
752 1670 900 1736 libratam
923 1671 1056 1736 stamine
1080 1671 1184 1754 signat

323 1773 529 1856 snbreetnque
552 1776 661 1860 iugum
683 1793 811 1841 6666666
834 1779 960 1842 temone
983 1774 1106 1859 figurat,

323 1879 389 1944 siue
411 1879 582 1963 superciliis
605 1897 624 1944 a
645 1881 747 1946 fronte
768 1881 909 1965 iugentia
930 1881 1054 1944 uultum

322 1983 443 2049 lumina
464 1984 653 2050 transuersis
676 1985 818 2051 imitatur
841 1985 985 2050 cornibus
1010 1984 1100 2049 arbor

239 2094 301 2150 670
324 2087 429 2168 ardua,
452 2107 515 2172 qna
537 2089 680 2154 daminus
704 2088 821 2154 munde
843 2089 1019 2172 trepidante
1041 2086 1189 2172 pependit

322 2192 491 2258 innocuum
513 2193 647 2259 lundens
670 2211 725 2278 pra
748 2197 911 2277 peeeatore
935 2210 1086 2258 eruerem.

322 2297 393 2361 huie
415 2301 532 2379 antem,
554 2298 652 2363 selide
674 2316 770 2381 qnam
791 2297 927 2382 pendere
950 2297 1060 2382 regula
1082 2295 1194 2378 duplex

321 2401 432 2487 iungit,
454 2403 487 2467 in
510 2406 649 2468 extrema
670 2403 814 2487 producti
835 2403 919 2468 ealee
943 2401 1064 2467 metalli

320 2526 418 2590 parua
439 2526 554 2573 666666
575 2508 684 2574 subeat
705 2509 800 2573 uariis
824 2507 1016 2573 eireumdata
1038 2506 1182 2591 gemmis.

238 2618 301 2672 616
323 2612 381 2676 hae
404 2630 527 2695 queque
549 2630 622 2677 arur
644 2613 764 2677 demini
784 2616 948 2695 tamquam
971 2611 1145 2675 diademate
1167 2610 1270 2675 einata

321 2717 436 2783 emieat
457 2720 586 2781 aeterna
606 2718 712 2781 uitalis
734 2718 871 2802 imagine
894 2716 982 2801 ligni.

320 2822 401 2886 hane
423 2823 473 2886 fur
494 2821 546 2887 ille
569 2821 619 2886 sui
640 2826 707 2887 6666
729 2821 767 2887 (16
790 2839 916 2904 eerpare
938 2820 1014 2885 furti

320 2926 471 2991 intactam
493 2926 584 3008 terro,
608 2944 669 3010 que
692 2930 796 2991 detera
817 2926 962 3010 fregerat,
985 2942 1082 2989 uuam

320 3029 422 3112 liquit,
445 3034 477 3095 et
499 3034 535 3095 ut
557 3035 649 3114 eapte
671 3034 748 3096 tune
769 3029 980 3112 distincteque
1003 3028 1116 3093 retusis

235 3140 298 3196 686
322 3135 462 3200 uestibus
485 3135 609 3220 elapsae
632 3135 811 3201 eeeiderunt
832 3135 988 3219 fragmina
1008 3132 1151 3218 praedae,

320 3239 388 3303 uiaa
409 3240 455 3305 rei
476 3241 596 3324 speeies
618 3244 694 3306 6666
715 3240 931 3305 inuentoribus
954 3238 1028 3322 ipsis

320 3344 446 3428 ancipiti
467 3349 556 3410 metu
578 3344 719 3410 eoniudit
740 3348 875 3428 peatera.
899 3342 1038 3429 gaudent

319 3448 466 3530 inuentis,
489 3450 544 3514 sed
566 3450 667 3514 traeta
689 3449 809 3524 dolent;
832 3466 904 3513 eum
927 3464 1074 3532 quaerere
1097 3461 1225 3511 eausam

319 3553 480 3637 ineipiunt,
503 3558 631 3620 cautum
653 3554 750 3619 simul
772 3552 985 3635 audacemque
1007 3552 1162 3617 latronem

233 3665 297 3721 665
320 3659 481 3740 mirantes,
504 3677 631 3724 eaerum
654 3658 763 3723 fraetis
786 3660 975 3741 cautumque
998 3656 1124 3736 relietis,

319 3768 396 3829 tune
416 3764 470 3828 ille
493 3764 641 3829 adtonitis
663 3764 783 3828 erimen
806 3779 984 3844 numenque
1007 3761 1138 3835 fatetur;

258 3974 310 4027 667
328 3988 419 4026 aarum
436 3973 462 4027 A
516 3970 645 4028 16611666
662 3970 744 4025 uariis
761 3972 789 4025 A
843 3972 893 4026 658
912 3968 1068 4023 amdauerat
1085 3970 1112 4023 A
1172 3968 1221 4023 661
1241 3964 1353 4035 spectati

211 4060 275 4116 AD
325 4059 488 4114 eominusE
537 4061 587 4115 663
606 4057 695 4112 elaura
706 4060 775 4115 eeaa'.
788 4057 863 4112 Mar.
917 4053 1078 4112 6656661666
1093 4054 1135 4109 Ει
1188 4052 1284 4107 exserit
1296 4052 1354 4106 AD

212 4149 268 4203 666
285 4147 397 4214 aequate
420 4146 456 4213 E,
479 4148 605 4214 aequatae
627 4146 685 4200 AD
754 4146 805 4200 661
830 4142 1005 4211 submotoque
1024 4144 1093 4198 eoaa'.
1106 4140 1191 4208 Mar,
1215 4138 1353 4208 subrepta-

212 4249 268 4304 que
285 4234 374 4289 ADE
423 4249 513 4288 eoeera
530 4234 568 4288 A¹
622 4235 675 4289 618
693 4230 808 4301 dupplex
821 4232 851 4285 E
902 4228 1065 4297 ananeel),
1082 4227 1218 4282 haeeAE
1268 4226 1354 4280 tineta

212 4322 275 4377 AD
326 4323 376 4377 617
394 4320 464 4375 hane
482 4320 518 4387 E,
535 4319 608 4374 hune
625 4320 683 4375 AD
734 4315 1046 4385 619616116666666161
1104 4316 1154 4371 680
1173 4318 1200 4369 66
1217 4312 1305 4383 lapsae
1324 4313 1354 4367 D

212 4408 385 4464 aeciderunt
402 4410 430 4464 A
483 4410 535 4464 683
554 4424 613 4461 enm
632 4408 697 4474 AD,
715 4410 774 4460 tum
793 4406 824 4459 Ε
874 4406 924 4459 686
943 4403 1063 4457 attonitis
1082 4404 1143 4458 DE
