3217 4950
573 462 700 499 carmen
720 446 791 511 XXI,
804 448 952 503 ecl-tal.

300 622 432 702 ducitur,
456 622 538 686 unde
562 622 656 686 etiam
679 621 782 686 fluniis
807 621 943 687 exundat
964 622 1058 707 erigo.

300 745 373 791 nam
396 727 465 809 quis
488 726 539 791 uel
562 726 682 791 medice
705 730 746 805 ts,
770 744 896 791 summa
917 728 1057 810 potentia
1080 728 1197 792 summi

214 838 276 896 696
301 830 423 897 Christe
445 830 554 914 patris,
577 830 636 895 iari
659 830 727 895 sine
750 833 781 895 te
804 832 920 913 queat?
943 832 1008 913 ipse
1032 834 1104 896 tuus
1127 835 1159 896 te

299 934 426 1018 spiritus
449 935 583 1017 inspirat
604 934 676 1016 dici,
699 952 759 1017 quc
781 935 901 999 lumine
923 936 1031 1000 lumen

299 1044 331 1103 et
352 1040 451 1123 patris
474 1042 506 1103 et
527 1039 593 1103 nati
615 1056 672 1121 par
695 1039 862 1119 cernimus,
885 1042 922 1103 ut
944 1039 1022 1103 duce
1044 1042 1152 1104 sancte

300 1144 478 1227 adspirante
501 1144 595 1207 deum
617 1143 773 1207 fateamur
795 1162 867 1207 cum
889 1146 979 1227 patre
1002 1142 1170 1209 Christum.

299 1248 354 1312 scd
377 1249 458 1330 quia,
481 1248 556 1312 dnm
578 1247 644 1311 uini
666 1248 762 1311 fontis
784 1265 859 1331 gere
881 1265 996 1313 nemen
1019 1247 1051 1311 in
1075 1266 1137 1329 cre,

213 1362 277 1417 700
299 1356 389 1437 gutta
411 1370 517 1416 meum
540 1352 674 1417 stillauit
694 1352 727 1416 in
750 1370 784 1416 cs
808 1351 846 1414 de
868 1351 998 1416 flumine
1020 1350 1118 1433 uerbi,

300 1457 378 1522 icrtc
401 1456 537 1538 aliquem
559 1456 696 1520 referent
719 1474 755 1519 cx
778 1455 852 1519 hinc
875 1473 946 1520 mea
968 1455 1057 1521 labra
1079 1474 1232 1539 saporem,

300 1564 332 1625 st
352 1578 435 1625 nunc
457 1578 572 1624 munus
596 1578 695 1642 aquae
718 1578 782 1624 nun
804 1560 894 1625 siccis
917 1559 1059 1625 faucibus
1083 1578 1174 1625 arens

299 1663 417 1748 lingua,
440 1664 495 1728 sed
517 1662 644 1727 uberius
667 1663 756 1727 uelut
778 1666 940 1728 umectata
961 1664 1115 1747 loquatur.

342 1768 487 1833 omnibus
510 1768 672 1832 instructis
695 1784 824 1849 eperum
848 1784 928 1851 quae
951 1769 1052 1833 muita
1074 1768 1231 1847 uidentur,

213 1882 277 1937 705
301 1873 439 1956 postulat
460 1872 520 1936 iste
541 1872 628 1936 locus
651 1872 784 1936 deuotae
807 1888 921 1935 nomen
944 1870 1076 1937 Abellae

299 1976 404 2041 indere
426 1975 603 2049 uersiculis3
627 1992 702 2039 nam
725 1974 821 2059 digna
842 1975 967 2039 uidetur
989 1976 1105 2057 honore

300 2080 436 2145 neminis
458 2079 563 2159 huius,
585 2082 622 2143 ut
644 2080 677 2143 in
699 2079 826 2144 landem
848 2079 961 2144 Felicis
984 2082 1016 2144 et
1038 2080 1108 2163 ipsa

299 2185 454 2265 laudetur,
477 2184 552 2267 quia
573 2202 629 2267 pre
652 2183 764 2248 Felicis
786 2184 904 2249 honere
925 2184 1067 2249 laborem

300 2292 410 2373 sponte
433 2288 494 2353 sibi
517 2288 662 2371 sumpsit,
686 2305 747 2369 quc
769 2288 922 2352 desudare
945 2286 1004 2353 sub
1028 2290 1117 2353 aestu

151 2394 155 2402 ’
211 2405 276 2460 710
298 2392 426 2479 rupsstus
449 2392 591 2477 abruptis
613 2392 753 2475 requiem
775 2392 973 2476 pretiumque
995 2392 1129 2476 putauit.

297 2516 395 2583 parua
417 2498 544 2580 quidem
565 2498 642 2562 haec
665 2498 774 2578 muria,
797 2497 853 2562 sed
876 2501 982 2562 sancte
1005 2515 1122 2580 magna
1143 2497 1261 2561 feretur

297 2603 372 2667 urbs
400 2620 493 2686 opere
519 2602 585 2665 hcc.
616 2605 741 2667 nestrae
768 2601 842 2665 hinc
870 2619 923 2666 aex
951 2600 1079 2665 mitibus
1107 2599 1209 2664 absita
1234 2599 1334 2664 Nolae

298 2707 444 2791 altiiugcs
468 2709 590 2771 montes
612 2705 807 2786 interiacet,
832 2723 867 2769 er
891 2704 1005 2787 quibus
1028 2708 1112 2770 ortas

298 2811 472 2876 comminus
495 2810 599 2875 haurit
622 2827 719 2892 aquas
743 2813 775 2873 ct
796 2811 827 2873 in
851 2827 947 2873 unam
971 2809 1101 2892 suscipit
1125 2825 1240 2888 aream,

212 2925 276 2980 715
298 2915 381 2980 unde
402 2933 458 2997 per
479 2914 614 2979 insertus
637 2913 749 2978 cadces
772 2912 834 2977 sibi
855 2913 957 2996 prima
982 2911 1136 2977 fluentum

298 3019 439 3084 uindicat
461 3023 494 3084 ct
514 3017 633 3100 reliquo
655 3017 812 3083 Nolanam
834 3015 961 3101 profluit
983 3017 1094 3082 urbem

298 3123 438 3205 flumine,
460 3124 562 3188 multa
582 3123 690 3207 rigans
713 3123 799 3187 etin
822 3123 905 3206 agris
927 3122 1056 3204 praedia
1077 3121 1205 3205 passim.

299 3229 355 3293 scd
376 3227 502 3292 redeam
526 3227 564 3291 ad
586 3230 692 3311 grates
715 3227 816 3310 operis
840 3243 895 3309 pro
918 3244 1047 3290 munera
1074 3225 1248 3299 habendam

300 3351 436 3414 namque
459 3349 569 3414 operas
592 3332 631 3395 ad
654 3331 894 3413 aquaeductum,
918 3347 1010 3412 quem
1033 3331 1129 3414 longa
1150 3331 1292 3394 uetustas

212 3447 277 3502 720
299 3439 437 3520 ruperat,
461 3436 500 3500 ad
523 3453 581 3499 sua
603 3453 680 3500 nasa
701 3436 817 3499 itemm
840 3435 1020 3517 formasque
1042 3433 1218 3500 necandum

299 3539 444 3624 praebuit
466 3539 602 3604 ubertim
624 3541 722 3624 gratis
746 3537 858 3622 operis.
882 3539 968 3603 locus
992 3539 1064 3603 altis

239 3786 292 3840 603
303 3781 374 3851 oligo
385 3783 458 3849 AD,-
468 3799 517 3836 cm.
529 3782 604 3837 Mur.
658 3783 710 3836 694
728 3779 831 3834 modice
844 3781 912 3836 ceni.
926 3781 1111 3847 mutamur,
1124 3777 1258 3834 modicum
1270 3782 1335 3850 sort.

192 3873 248 3928 696
266 3866 311 3938 εἷς
332 3868 447 3938 inspirat
464 3869 502 3936 D,
523 3861 574 3937 xpi
594 3867 709 3937 inspirat
725 3868 762 3935 A,
785 3867 899 3937 inspirat
920 3865 1137 3923 curaturum.
1225 3869 1277 3923 698
1295 3883 1335 3920 as-

191 3957 315 4028 spirante
332 3956 363 4011 D
449 3954 548 4009 christo
572 3955 644 4022 AD;
664 3972 712 4009 em.
730 3955 806 4010 Mur.
895 3956 944 4010 701
967 3951 1085 4007 referant
1106 3953 1178 4022 AD;
1194 3969 1241 4008 em.
1259 3953 1335 4008 Mur.

191 4047 248 4101 703
265 4043 419 4098 humectata
430 4044 515 4112 Mur,
527 4045 633 4096 unacum
644 4043 702 4097 AD
753 4059 792 4097 aa
807 4042 859 4097 704
871 4043 918 4111 qui
931 4042 1029 4110 paullo
1042 4046 1163 4096 mutatis
1174 4041 1225 4094 650
1238 4039 1336 4109 tupiter

191 4130 507 4200 &afmaimait
553 4131 604 4185 706
618 4128 767 4198 dignamA
814 4129 864 4184 709
878 4125 949 4196 quod
962 4129 998 4195 D,
1012 4126 1122 4196 quodA
1175 4128 1222 4180 711
1238 4140 1337 4192 magua

192 4220 283 4287 Mar,
300 4217 368 4272 mihi
385 4233 483 4287 magna
499 4217 557 4272 AD
609 4215 711 4270 feretur
727 4217 836 4286 scripsi,
853 4213 939 4268 {artur
957 4216 994 4282 D,
1012 4213 1080 4268 feret
1092 4215 1127 4282 A,
1145 4212 1242 4266 feretro
1260 4212 1334 4268 Mar.

192 4308 249 4362 712
271 4321 365 4375 operae
381 4305 413 4360 D
474 4304 526 4358 hcc
546 4304 655 4374 scripsi,
677 4302 742 4356 haec
765 4301 825 4358 AD
887 4300 962 4370 hinc]
986 4301 1049 4354 huic
1071 4302 1140 4358 coni.
1159 4300 1336 4356 Zectmeister

193 4395 249 4450 719
268 4407 360 4461 operas
377 4393 415 4461 D,
433 4390 520 4461 operis
537 4391 565 4445 A
618 4392 667 4446 ‘121
686 4391 776 4460 gratus
794 4403 887 4459 operas
907 4388 980 4444 Mar.
