3217 4950
674 466 851 522 Praefatio.

235 663 283 706 us.
301 641 344 704 56
368 641 508 708 Christus
532 643 608 706 deus
631 642 724 706 horno
748 643 849 707 faetus
873 646 921 706 est

404 808 535 862 aeterna
558 799 693 884 inaperta
715 797 857 861 beminen
879 797 966 860 irater
987 807 1017 860 et
1039 796 1133 859 deum

453 904 489 966 iu
511 912 646 988 utroque
669 925 700 966 aa
724 902 922 966 commercia.

189 1061 211 1124 i.
230 1080 258 1124 e.
275 1079 330 1144 per
354 1079 397 1141 se,
425 1061 479 1143 qni
506 1063 674 1141 utrumque
702 1060 795 1124 humo
824 1063 856 1123 et
877 1059 953 1123 deus
981 1060 1059 1137 erat,
1085 1057 1167 1121 inter
1193 1057 1334 1121 homines

190 1169 224 1228 et
249 1164 343 1228 deum
366 1167 493 1228 aeterna
515 1165 704 1229 commercia
726 1165 835 1228 iunxit.
874 1163 901 1226 B
925 1166 956 1227 et
978 1161 1005 1227 0
1028 1160 1064 1222 in
1085 1169 1257 1246 utramque
1284 1179 1336 1224 er-

190 1267 315 1349 hibent,
339 1269 421 1351 qued
441 1268 576 1333 fortasse
595 1286 651 1350 pre
673 1267 711 1330 ia
731 1276 866 1351 atroque
888 1271 972 1332 reete
992 1266 1110 1330 dietum
1134 1269 1190 1330 est.
1224 1266 1335 1330 erraris

190 1373 332 1452 initium,
360 1373 496 1455 quadiu
520 1372 665 1438 Vossiani
692 1373 825 1437 lectione
851 1379 1024 1455 utrumque
1045 1370 1276 1455 praepositione
1299 1369 1336 1431 ia

190 1477 314 1541 omissa
336 1477 535 1560 eonspieitur,
558 1477 672 1542 uitium
695 1477 727 1540 iu
747 1475 810 1540 HN
815 1496 835 1540 n
859 1475 944 1538 iuter
966 1485 1138 1559 utramque
1160 1475 1289 1557 peperit.

241 1663 288 1707 us,
307 1641 350 1706 70
458 1663 540 1727 qaae
565 1641 622 1727 (sa.
631 1639 730 1728 fides)
754 1661 836 1726 quaa
858 1640 1012 1703 uidemur
1033 1661 1182 1726 apernere

403 1767 467 1808 nea
488 1756 527 1810 ut
544 1743 709 1832 profanae
732 1744 835 1808 abicit
857 1755 917 1808 aut
938 1745 1023 1809 uilea
1045 1765 1129 1830 epea,

454 1851 510 1914 aed
531 1860 569 1913 ut
591 1850 693 1936 anapia
717 1871 813 1913 carae
835 1859 938 1913 mouet

405 1953 493 2018 caele
515 1953 630 2040 reponi
654 1953 794 2017 creditae
818 1953 947 2018 Chriate
970 1954 1036 2018 dea.

192 2119 324 2184 HVWu
357 2119 476 2184 habeut
505 2119 664 2202 uidemus,
697 2119 777 2201 quad
808 2139 901 2184 seusu
933 2124 1026 2183 earet.
1073 2117 1226 2181 uideram
1254 2120 1336 2201 qnod

193 2223 281 2288 BNO
305 2224 468 2306 praebent,
496 2227 550 2289 aut
571 2243 627 2308 pro
650 2243 732 2308 puae
753 2244 811 2285 aee
832 2223 954 2287 uidetia
976 2245 1125 2310 aperuere
1147 2223 1265 2288 dietum
1288 2227 1337 2288 est

193 2333 253 2392 ant
276 2347 295 2392 a
316 2329 454 2411 genuina
482 2329 636 2413 scriptura
662 2327 839 2390 suademur
860 2346 923 2391 una
945 2331 1028 2392 uerte
1050 2328 1190 2392 litterula
1211 2329 1337 2410 propius
1383 2402 1386 2407 ¹

192 2432 295 2498 abest.

240 2610 287 2654 us,
307 2588 368 2651 128
887 2587 918 2651 ai
940 2588 1092 2675 displicet
1115 2598 1208 2651 actua

301 2714 392 2777 quem
413 2716 486 2779 pero
510 2702 620 2779 aperite
642 2693 709 2777 dee,
729 2692 829 2779 priua
852 2702 906 2773 eat,
930 2693 960 2755 ai
975 2692 1047 2779 faa,
1070 2715 1145 2756 reeta
1168 2702 1292 2773 auctor,

301 2798 357 2860 eui
375 2797 487 2884 piacet
509 2808 568 2861 aut
584 2797 735 2884 formare
757 2819 840 2860 auena
863 2805 922 2861 aut
944 2808 1069 2861 uenere
1091 2819 1210 2861 aenaea.

192 2966 239 3029 sic
264 2965 382 3046 optime
406 2964 432 3027 B
456 2966 488 3028 et
510 2964 535 3028 Ο
559 2963 589 3025 ei
604 2961 676 3049 fas,
700 2982 760 3047 quo
784 2965 914 3029 audacia
936 2968 1047 3049 poetae
1071 2966 1164 3028 deum
1188 2982 1337 3029 aeensau-

192 3070 235 3132 tis
261 3069 433 3151 mitigatur,
457 3072 564 3133 contra
587 3070 669 3133 male
693 3066 783 3133 VHN
797 3066 872 3151 fiat,
896 3088 917 3133 n
940 3078 978 3130 at
991 3067 1066 3150 fiat.

238 3254 286 3297 ua.
307 3233 368 3297 135
387 3234 540 3299 Paulinus
562 3252 646 3298 nunc
669 3252 702 3299 se
727 3252 795 3298 essa
817 3234 974 3298 diuersum
998 3233 1037 3297 ab
1061 3233 1115 3298 illo
1134 3234 1261 3312 fatetur,
1284 3236 1337 3314 qui

194 3358 232 3404 eo
258 3343 398 3421 ternpore
421 3338 517 3402 fuerit
540 3356 600 3420 quo
623 3356 685 3401 nen
707 3356 875 3420 peruersus
898 3338 1065 3402 haberetur

352 3501 454 3565 stulta
478 3502 534 3565 deo
557 3502 687 3588 sapie-aa
711 3512 739 3565 et
761 3502 875 3565 mwtia
893 3500 1023 3587 pabula
1045 3500 1172 3565 niueae

195 3669 349 3733 usitatam
371 3668 539 3733 dietieuem
559 3666 662 3730 stulta
681 3666 746 3730 deo
767 3668 908 3753 sapien,
929 3686 1022 3749 quarn
1044 3668 1117 3731 Bet
1134 3668 1159 3731 Ο
1175 3666 1337 3749 praebent,

192 3774 225 3838 H
252 3777 284 3836 et
305 3773 336 3837 N
363 3773 394 3837 in
422 3772 524 3835 atalia
551 3771 589 3835 da·
615 3771 754 3857 sapiens,
786 3772 815 3836 V
837 3773 925 3855 peius
953 3773 1046 3835 etiam
1074 3773 1105 3834 in
1132 3770 1234 3833 stulta
1257 3770 1337 3832 deai-

187 3876 290 3963 pa'eaa
313 3878 456 3941 mutauit.

241 4052 290 4097 us.
306 4030 368 4095 156
383 4052 447 4094 nort
463 4032 577 4094 eteaiur
591 4030 674 4093 mibi
688 4052 787 4093 meaa
802 4031 948 4093 demean
961 4052 1062 4114 aeque
1071 4028 1337 4115 participantum

382 4135 455 4199 reita
471 4133 585 4222 jupam
608 4136 780 4199 bominum.

192 4295 241 4358 sie
262 4292 317 4358 ΒΟ
338 4294 469 4375 optime;
501 4293 605 4356 lusum
629 4292 797 4356 uerborum
821 4294 852 4354 et
874 4296 1009 4355 metruru
1026 4291 1111 4354 VHn
1133 4294 1337 4371 corruperunt

192 4418 285 4482 napa
308 4414 364 4479 pro
387 4395 511 4459 benene
534 4396 717 4475 scribentea
742 4396 791 4459 eni
814 4395 844 4458 N
867 4399 899 4459 et
922 4396 950 4457 V
973 4394 1051 4458 m..⁹›
1074 4402 1119 4456 eet
1141 4394 1334 4457 addiderunt.

1147 4498 1181 4546 b*
