3217 4950
598 436 625 491 S.
638 437 771 492 Paulini
789 437 910 491 Nolani
928 438 1075 507 episcopi

470 613 665 695 intempore
688 613 756 697 ipso
779 614 880 677 noetis
904 613 1051 695 antiquae
1075 613 1154 694 sitis,

470 716 583 799 quibus
605 716 739 800 probata
761 718 935 799 quamlibet
958 718 1128 801 gentilibus

470 840 560 886 mens
583 827 616 885 et
638 821 783 885 uoluntas
806 822 876 905 lege
900 825 1030 887 naturae
1052 822 1121 887 suit.

469 926 543 991 hino
564 927 597 989 in
620 926 809 1008 quibusdam
833 944 916 990 nuno
940 944 1046 991 eorum
1070 926 1203 1009 posteris

383 1038 445 1093 240
469 1034 611 1095 ueterum
634 1029 767 1095 subinde
790 1048 872 1095 uena
894 1031 1060 1114 respondet
1081 1034 1222 1114 petrum3

467 1140 505 1200 ut
525 1136 579 1200 ille
601 1136 759 1218 qnondam
781 1136 907 1201 Piniani
929 1154 1013 1200 nuno
1037 1137 1100 1199 mei

468 1243 575 1305 auctor
597 1259 763 1324 supremus
786 1241 820 1304 in
843 1240 1022 1305 libertatem
1046 1241 1110 1305 suis

465 1348 537 1427 post
558 1362 657 1428 regna
678 1345 756 1409 duro
779 1344 974 1409 uindioandis
998 1344 1119 1409 oiuibns

467 1449 566 1512 leatus
589 1449 711 1531 nepotis
735 1448 828 1513 huius
851 1452 955 1513 ortum
978 1448 1137 1532 praetulit,

382 1559 443 1613 245
467 1553 520 1634 qui
542 1555 649 1617 mente
672 1553 760 1617 auita
780 1571 974 1636 persequens
998 1552 1178 1635 superbiam

466 1657 586 1737 potiore
609 1674 705 1721 eausa
727 1658 913 1721 seruitutem
937 1657 1055 1740 depulit
1601 1676 1602 1679 ¹

467 1779 486 1823 a
508 1764 609 1825 semet
630 1762 708 1843 ipso,
732 1761 869 1844 eorporis
892 1761 991 1825 uiator
1015 1762 1074 1842 sui,

467 1865 620 1948 pulsoque
641 1884 738 1949 regno
762 1864 876 1929 diaboli
900 1884 916 1929 e
939 1864 1088 1929 membris
1113 1864 1177 1929 suis

467 1970 531 2033 iam
554 1970 686 2053 spiritali
708 1988 785 2053 paee
807 1970 928 2053 peoeeti
951 1970 1060 2054 iugum

383 2082 445 2137 250
467 2074 568 2138 fidelis
592 2074 715 2139 enimse
738 2078 826 2138 oesta
847 2074 976 2138 libertas
1001 2074 1083 2154 terit,

467 2180 498 2241 et
520 2178 553 2241 in
575 2177 634 2242 hoo
657 2178 795 2260 parentis
820 2178 936 2260 aliquid
957 2178 1043 2242 illius
1066 2178 1164 2242 refert

467 2301 544 2365 puer
566 2282 627 2345 iste
650 2281 768 2347 Christi
790 2283 989 2347 consulatum
1013 2283 1160 2363 militans,

469 2386 550 2468 quod
571 2385 741 2451 liberandis
764 2386 930 2450 consulens
954 2405 1068 2450 monus
1091 2387 1179 2470 pium

466 2490 691 2572 redemptionis
715 2508 808 2574 opere
831 2491 992 2575 dispensat
1014 2492 1082 2572 deo,

384 2602 444 2656 255
468 2595 563 2677 prisoi
585 2595 725 2678 parentis
749 2596 923 2660 aemidutor
945 2596 1108 2676 haetenus,

467 2699 549 2782 quod
572 2700 723 2764 seruitute
744 2699 859 2764 liberat
882 2700 1078 2780 domesticos,

468 2807 502 2868 ut
523 2804 577 2867 ille
600 2803 695 2868 oinos.
719 2803 775 2866 sed
798 2805 881 2886 quod
903 2805 956 2868 ille
978 2807 1120 2888 gesserat

467 2908 500 2972 in
522 2906 600 2972 urbe
624 2911 655 2972 ot
677 2925 741 2972 una
763 2911 795 2972 et
817 2909 948 2991 paruula
970 2908 1079 2990 primis
1103 2908 1204 2972 adhue

467 3012 586 3076 Romae
608 3011 667 3076 sub
691 3011 792 3092 annis,
815 3013 867 3076 hio
890 3013 981 3076 modo
1004 3012 1037 3076 in
1059 3013 1168 3077 multis
1191 3011 1257 3096 ugit

384 3125 445 3179 260
469 3116 593 3182 diuerso
615 3117 647 3181 in
670 3117 745 3181 orbe
767 3117 946 3181 constitutis
969 3116 1110 3197 urbibus,

468 3222 587 3305 passim
610 3220 767 3304 benignus
791 3225 823 3285 et
846 3223 910 3284 suis
934 3224 965 3285 et
989 3205 1109 3285 exteris.

467 3345 541 3390 nam
565 3329 596 3410 et
618 3324 789 3390 liberorum
811 3325 957 3407 plurimis
981 3325 1153 3390 oeruioibus

467 3431 579 3494 seruile
603 3430 719 3495 sanetis
743 3430 853 3513 opibus
877 3429 1004 3512 expellit
1029 3431 1149 3512 iugum,

467 3553 544 3617 quos
568 3553 639 3599 aere
661 3535 784 3598 uinctos
807 3533 1002 3599 intenebris
1025 3535 1156 3598 oeroeris

385 3646 446 3700 265
470 3639 607 3703 absoluit
629 3656 704 3703 auro
728 3639 765 3702 de
788 3642 900 3703 eatena
922 3639 1048 3703 fenoris.

464 3743 522 3806 hos
545 3760 618 3826 ergo
641 3742 728 3806 Felix
750 3744 782 3806 in
806 3761 861 3808 suo
885 3742 956 3807 sinu
979 3742 1102 3807 abditos

468 3847 637 3912 mandante
661 3846 785 3912 Christo
808 3847 947 3911 oondidit
969 3847 1060 3912 teotis
1084 3848 1149 3912 suis

303 4126 352 4180 241
372 4123 495 4192 pinniani
513 4124 544 4178 E
628 4126 680 4179 242
698 4140 853 4195 superemus
872 4125 899 4179 A
988 4127 1040 4180 244
1057 4123 1120 4178 leoli
1139 4125 1170 4180 E
1247 4124 1353 4194 nepotis
1372 4125 1399 4178 A

259 4212 308 4266 251
329 4209 408 4264 relori
426 4213 453 4265 A
528 4212 580 4267 254
597 4226 646 4281 ope
665 4213 740 4267 Mar.
818 4211 861 4295 dei
880 4213 949 4269 roni.
969 4213 1147 4268 Zecbmeieter
1219 4214 1271 4269 258
1288 4227 1343 4266 una
1360 4211 1399 4281 et]

258 4312 312 4350 une
326 4298 356 4352 E
406 4297 517 4367 paruolo
529 4299 564 4363 A,
576 4297 697 4367 paruula,
709 4299 756 4353 sed
768 4299 796 4352 in
809 4303 856 4353 aaut
874 4298 984 4368 paruole
1000 4299 1064 4354 odd.
1077 4300 1109 4354 in
1127 4317 1178 4369 my.
1191 4300 1221 4354 D
1273 4299 1353 4353 athuo
1370 4299 1402 4354 D

258 4387 310 4440 262
328 4387 356 4438 et
373 4386 438 4450 AD,
456 4403 507 4440 om.
521 4386 552 4439 Ε
600 4385 758 4440 libertorum
777 4387 852 4442 Mar.
907 4389 957 4442 265
976 4386 1091 4441 faenoris
1109 4388 1167 4441 AD
