3217 4950
564 468 693 507 carmon
710 452 928 518 xx,ata-431.

202 633 258 689 400
280 627 420 711 adgressi
441 628 523 693 hanc
545 629 672 693 uoluere
694 628 767 713 iugo
790 628 991 715 subiungere,
1015 630 1159 713 quamuis

279 731 447 813 insuetam,
471 736 579 798 tamen
602 737 638 797 ut
659 734 768 799 mitem
791 734 856 799 iarn
880 738 984 799 mente
1008 733 1139 799 subacta

280 835 388 901 usibus
411 836 568 918 humanis,
591 837 705 920 quibus
727 838 815 903 illam
839 857 855 902 e
879 856 1032 922 congrege
1055 843 1146 905 coetu

280 941 473 1006 sustulerant
495 942 613 1007 domini
635 960 767 1025 paruam
790 946 822 1007 et
845 943 997 1025 tectisque
1020 942 1159 1025 cibisque

280 1044 486 1118 miscuerant;
508 1046 580 1110 bino
603 1050 640 1111 ut
661 1046 779 1111 domita
799 1046 924 1111 feritate
947 1050 1093 1130 putantes

201 1155 259 1210 405
282 1148 340 1213 sub
363 1150 437 1233 iuga
458 1169 492 1213 se
514 1150 640 1215 facilem
662 1150 757 1215 docili
779 1151 900 1215 ceruice
923 1152 1078 1233 daturam,

281 1254 451 1320 sollicitant
472 1256 620 1340 palpante
644 1274 741 1320 manu
764 1260 796 1320 et
818 1259 971 1321 conantur
993 1258 1024 1321 in
1048 1260 1151 1322 artum

281 1358 408 1434 ducereq
431 1363 465 1425 at
486 1360 540 1425 illa
562 1359 622 1425 eibi
644 1361 752 1425 solitos
776 1360 923 1425 adludere
946 1365 1049 1427 tactus

281 1462 407 1528 credula
428 1464 585 1529 consentit
606 1465 745 1547 primurn
768 1465 970 1548 sequiturque
993 1470 1152 1531 uocantes.

282 1586 393 1631 uerum
416 1566 471 1633 ubi
492 1570 557 1633 iam
578 1570 720 1652 propiata
741 1568 816 1653 iugo
838 1571 999 1653 conspexit
1020 1570 1160 1636 habenas

201 1678 260 1734 410
282 1672 458 1755 ceruicique
480 1690 555 1738 0000
577 1673 734 1758 persensit
756 1673 823 1738 lora
845 1674 957 1757 parari,

282 1776 444 1860 indignata
465 1776 544 1841 dolis
567 1780 599 1842 et
620 1780 800 1859 permutata
822 1781 949 1860 repente

281 1878 318 1944 fit
340 1881 417 1961 fera,
440 1900 498 1947 nec
519 1882 641 1947 ceruice
663 1882 773 1967 iugum
795 1900 854 1947 nec
877 1882 1003 1948 uincula
1026 1883 1104 1948 collo

283 1985 414 2068 suscipit
436 1989 468 2051 et
490 1988 582 2052 uictis
604 1986 750 2051 manibus
772 1987 909 2070 lorisque
932 1989 1065 2053 recussis

282 2089 405 2172 prosilit
426 2108 445 2154 a
466 2095 557 2157 coetu
578 2092 772 2156 retinentum
795 2096 827 2157 et
850 2092 941 2157 deuia
962 2092 1055 2177 longe

202 2200 262 2255 410
283 2211 357 2259 rura
378 2196 466 2278 petit,
488 2196 612 2280 fugiens
635 2196 778 2261 dominos
801 2196 993 2280 adsuetaque
1015 2200 1109 2263 tecta.

284 2318 342 2365 nec
363 2302 471 2384 procul
494 2320 531 2365 ex
554 2302 651 2367 oculis
674 2301 838 2366 bominum
862 2303 899 2366 de
922 2318 1009 2367 more
1031 2302 1128 2367 ferino

283 2423 316 2469 00
338 2406 420 2490 rapit
442 2410 474 2471 et
496 2406 597 2471 caecis
620 2406 789 2491 fugitiuam
812 2405 945 2472 saltibus
968 2406 1069 2482 abditr

283 2529 357 2575 nam
380 2511 506 2595 fugiens
528 2511 671 2576 dominos
693 2510 847 2576 abeuntes
871 2511 992 2576 eminus
1016 2511 1143 2578 adstans

283 2615 327 2680 sic
349 2615 485 2700 fugite
464 2619 585 2681 00000
607 2635 641 2680 00
663 2616 764 2699 patiat
764 2635 802 2680 ur
824 2635 895 2681 rure
918 2616 1060 2699 relinqui.

201 2718 417 2801 4000001000
440 2719 526 2784 ubi
518 2723 660 2784 iunctum
682 2720 808 2804 gemino
829 2719 910 2785 boue
933 2720 1059 2786 tendere
1083 2721 1259 2805 plaustrum

282 2824 445 2908 conspicit,
468 2823 642 2890 humanum
665 2825 747 2908 sapit
771 2828 804 2889 et
825 2825 915 2907 quasi
937 2824 1062 2889 conscia
1083 2828 1156 2890 uoto

281 2927 386 2993 deberi
409 2945 489 3009 sese,
512 2947 617 2994 comes
639 2929 751 3012 incipit
773 2946 842 2993 0000
865 2929 1020 3012 profectis.

282 3051 338 3098 nec
360 3033 454 3118 longe
476 3051 581 3100 cemes
605 3037 662 3115 000,
686 3033 782 3098 tardis
805 3051 911 3098 comes
935 3033 1062 3099 orbibus
1085 3033 1130 3098 ire

281 3138 409 3221 spernit,
433 3141 464 3203 et
486 3157 618 3204 excursu
640 3139 729 3203 uelut
750 3139 924 3204 insultante
946 3141 1109 3222 gementes

200 3247 259 3304 405
281 3246 604 3325 praetereanturque
626 3243 705 3308 lenti
728 3242 901 3308 moliminis
925 3261 1038 3328 agmen

280 3349 405 3431 respicit
428 3347 612 3413 anteuolans
636 3366 693 3413 nec
715 3348 780 3412 iam
803 3347 895 3412 timet
918 3347 956 3412 ad
979 3348 1054 3431 iuga
1075 3347 1155 3431 cogi,

279 3452 442 3535 incisoque
464 3453 550 3536 prius
573 3452 610 3517 fit
632 3452 734 3517 amica
756 3455 788 3517 et
811 3451 938 3536 praeuia
960 3453 1109 3535 plaustro,

279 3557 377 3622 donec
399 3560 556 3622 sacratam
577 3561 709 3622 uentum
732 3555 846 3621 Felicis
870 3555 910 3620 ad
933 3555 1047 3622 aulam.

278 3661 344 3726 illic
366 3665 477 3744 sponte
499 3659 632 3746 madum
655 3661 740 3726 sistit
763 3678 895 3742 seseque
918 3661 1043 3726 uocanti

200 3771 260 3829 430
282 3765 458 3849 adplicate
441 3769 657 3848 teamquam
680 3764 746 3829 uoti
767 3782 822 3828 rea
844 3763 990 3848 gaudet
981 3784 1014 3829 ru
1037 3765 1105 3849 ipso

279 3873 363 3936 stare
385 3869 465 3951 loco,
487 3869 645 3953 propriam
668 3869 719 3934 cui
741 3867 837 3933 debet
859 3869 989 3933 uictima
1012 3868 1147 3933 caedem.

218 4061 270 4117 400
285 4059 457 4130 subiungere]
476 4058 634 4114 submittere
650 4061 726 4116 Mar.
784 4063 834 4116 401
854 4061 907 4114 iam
927 4061 1015 4113 mente
1035 4057 1145 4113 subacta
1162 4059 1228 4127 AD,
1250 4057 1316 4112 iam·

181 4159 226 4213 que
242 4151 304 4202 ante
315 4146 455 4202 subactam
467 4147 498 4202 Ε
547 4149 599 4203 403
611 4149 639 4202 et
650 4149 716 4216 AD,
728 4165 778 4204 om.
792 4148 823 4202 E
872 4150 922 4204 411
938 4145 1011 4200 dolce
1025 4147 1099 4202 Mer.
1152 4148 1204 4202 415
1216 4149 1277 4200 rara
1289 4148 1316 4200 A

180 4235 226 4292 418
242 4238 333 4290 astans
350 4236 382 4290 Ε
454 4237 505 4291 419
523 4249 582 4289 rore
600 4235 657 4290 AD
726 4237 779 4291 420
795 4235 919 4290 uinctum
937 4236 1012 4290 Mau.
1083 4233 1191 4288 tendere
1210 4235 1246 4301 E,
1265 4251 1316 4291 οιιι.

180 4321 238 4391 ΔΙ),
256 4337 362 4377 currere
380 4323 457 4378 Mser.
538 4323 589 4378 422
608 4323 691 4376 comis
710 4324 740 4376 E
808 4324 860 4377 424
883 4321 1028 4376 1000100000
1046 4322 1112 4388 AD,
1135 4321 1269 4375 exultante
1288 4321 1318 4376 E

180 4409 346 4480 428οι1οι0]
364 4411 487 4464 catadd.
505 4411 536 4464 E
