3217 4950
589 424 718 462 carmen
735 408 808 472 XXI,
822 410 966 465 722-782.

315 586 428 670 largior
450 585 578 649 aestiuis
600 584 662 649 hnc
684 583 847 649 mensibus
870 584 954 649 unda
976 585 1121 667 cucurrit,

315 708 409 773 quam
431 690 518 774 prius
539 687 679 753 hibernis
701 706 738 754 cr
759 687 913 753 imbribus
935 690 981 755 ire
1007 690 1137 755 solebat.

358 794 408 859 hie
429 812 487 878 ego
510 797 541 858 te
563 792 656 858 mode
678 793 746 857 iure
767 810 865 874 ream,
888 811 960 858 mea
980 793 1071 876 Nola,
1093 798 1224 878 patrono

234 907 293 963 ⁷55
316 898 474 965 communi
496 900 634 962 statuam
658 901 689 962 et
712 895 845 962 blandae
867 898 994 981 pietatis
1018 898 1057 963 ab
1079 900 1126 964 ira

315 1008 420 1069 mente
443 1020 575 1068 manens
596 1002 719 1086 placida
740 1006 863 1067 metum
885 1003 1039 1069 simulabo
1065 1008 1243 1089 patronum,

314 1107 442 1172 filiolam
464 1107 654 1190 increpitans
677 1106 794 1171 ueteris
817 1106 876 1171 sub
900 1124 975 1173 uoce
998 1110 1150 1191 querelae.

314 1230 389 1277 narn
411 1211 498 1293 milri,
520 1210 611 1292 Nola,
633 1211 681 1275 tui
703 1212 861 1277 consortia
883 1212 967 1276 iusta
988 1213 1107 1295 petenti

313 1315 419 1397 fontis,
442 1334 503 1398 quo
525 1314 654 1381 birbais
675 1318 762 1381 metu
785 1317 875 1398 quasi
898 1316 975 1381 dura
997 1316 1135 1401 negabas

231 1428 293 1485 766
314 1419 486 1503 hospitium
508 1419 684 1485 communis
707 1423 828 1503 aquae?
851 1420 1017 1503 diuinaque
1039 1422 1108 1486 iura

314 1524 466 1606 respicere
488 1523 593 1590 oblita·
606 1524 753 1589 humanis
775 1542 847 1589 mea
868 1528 944 1589 uota
964 1524 1099 1607 putabas

314 1628 423 1693 usibus
446 1628 576 1694 etmihi
599 1631 640 1709 te,
662 1628 800 1693 Felicem
824 1629 931 1710 oblita,
955 1630 1099 1695 daturam

314 1732 461 1799 credebas
484 1750 531 1813 ao,
553 1732 581 1797 si
602 1731 776 1813 tribuisses,
799 1751 870 1798 mer
893 1732 951 1799 tibi
972 1733 1087 1798 siccam

314 1836 466 1903 subducte
488 1838 622 1920 patriam
643 1839 720 1921 potu
742 1837 809 1902 fore
832 1840 952 1903 maesta
974 1837 1124 1922 gemebas

229 1948 291 2003 765
314 1941 405 2024 idque
428 1940 525 2007 etiam
547 1944 632 2007 mete
655 1941 815 2006 clamabas
838 1960 931 2026 saepe
954 1944 1102 2025 tumultu,

312 2046 418 2111 nescia
439 2046 554 2111 diuinis
576 2044 686 2130 opibus
708 2050 869 2131 promptos
891 2046 958 2111 fere
980 2046 1094 2131 fontes,

313 2152 394 2216 sieut
416 2155 448 2216 et
470 2156 597 2235 experta
619 2171 662 2216 es.
686 2169 760 2215 nam
782 2168 855 2215 mex
878 2150 953 2215 deus
977 2152 1044 2236 ipse
1067 2156 1187 2218 creator

313 2257 415 2341 arguit
436 2256 567 2341 ignem
590 2255 712 2321 Christo
735 2254 875 2320 diffidere
899 2260 1028 2337 mentes,

314 2378 385 2425 cum
406 2358 464 2425 tibi
484 2363 557 2442 post
578 2360 727 2444 placitam
748 2378 860 2442 pacem
880 2359 945 2423 iam
967 2360 1105 2425 fluminis
1128 2379 1220 2425 usum

229 2473 291 2528 tuo
314 2464 408 2531 Felici
430 2468 572 2530 conserte
593 2465 644 2548 ple
666 2464 785 2547 partita
806 2468 939 2546 tenerae,

313 2588 373 2652 quo
395 2569 497 2654 magis
520 2573 709 2653 exuperante
731 2572 820 2634 tuam
841 2569 981 2635 bonitate
1002 2571 1176 2653 querellam

313 2677 465 2758 argueret.
490 2691 563 2754 non,
586 2677 622 2738 ut
643 2672 818 2755 metuebas,
842 2674 894 2738 ille
917 2675 1002 2738 sitire

314 2779 414 2844 diuisa
435 2783 466 2844 te
488 2779 564 2844 lecit
586 2797 677 2862 aqua,
700 2779 755 2843 sed
777 2781 814 2843 ut
837 2782 945 2844 auctor
967 2782 999 2844 ct
1022 2779 1103 2844 altor

313 2901 418 2948 rerum
439 2883 664 2965 hominumque
687 2882 792 2963 simul,
816 2883 869 2965 qui
891 2883 1029 2948 condidit
1051 2884 1156 2948 omnia
1178 2884 1284 2965 uerbo,

227 2995 291 3052 775
315 2987 450 3052 ostendit
471 2987 530 3052 tibi
551 3005 619 3052 rem
642 3006 712 3052 esse
734 3004 836 3068 snam,
860 3005 953 3069 quam
975 2989 1009 3052 tu
1033 2987 1098 3052 eius
1121 2989 1221 3053 amico

313 3095 348 3156 ut
367 3091 536 3176 propriam,
560 3091 684 3157 domino
706 3111 813 3156 rerum
835 3091 948 3172 diffisa,
971 3091 1124 3175 negabam

313 3197 419 3262 uidisti
440 3200 535 3276 certe,
558 3214 632 3261 nam
653 3199 685 3261 te
707 3216 758 3260 res
781 3196 851 3280 ipsa
873 3195 964 3261 fateri

313 3301 459 3384 conpulit,
483 3301 602 3366 aetemi
624 3300 772 3365 sublimia
792 3301 861 3365 iura
881 3299 1021 3382 parentis

311 3401 511 3489 Felieidque)
531 3408 642 3488 potens
664 3405 822 3486 meritum,
846 3422 918 3469 cum
940 3405 1028 3489 larga
1050 3403 1108 3470 sub
1133 3408 1222 3470 aestu

225 3519 291 3574 ‘180
313 3508 481 3592 proflueret
503 3509 679 3590 damnoque
701 3509 763 3591 pie,
786 3527 848 3592 quo
871 3509 1017 3592 martyris
1040 3510 1120 3575 aulis

313 3613 483 3677 tradideras
505 3616 638 3696 partem,
661 3612 784 3678 subitos
807 3613 943 3678 creuisse
966 3616 1088 3678 meatus

311 3719 474 3800 laxatoque
496 3719 562 3782 suis
584 3719 617 3783 in
639 3716 782 3783 faucibus
806 3717 901 3782 ubere
924 3717 1020 3782 fontis

248 3927 303 3983 756
323 3927 436 3995 paterna
457 3926 488 3981 D
561 3926 611 3980 757
634 3923 768 3994 quarelae]
791 3939 843 3996 que
866 3925 894 3980 A
968 3927 1018 3980 759
1041 3939 1093 3994 quo
1114 3926 1221 3994 ιιιιριί,
1240 3940 1270 3978 eo
1287 3926 1346 3981 AD

203 4016 259 4071 762
276 4011 369 4067 usibus
385 4013 494 4083 scripsi,
511 4011 616 4066 uiribus
632 4012 699 4082 AD,
716 4011 819 4066 iuribus
837 4013 906 4068 coci.
925 4013 1102 4068 chbmcc'etcr
1166 4013 1217 4068 764
1234 4015 1300 4081 potu
1317 4012 1346 4067 A

204 4103 258 4158 765
286 4098 421 4154 clamabas
446 4100 484 4168 D,
507 4098 653 4154 damnabas
674 4100 702 4154 A
789 4101 841 4155 766
863 4103 1000 4170 promptos
1022 4101 1089 4168 AD,
1109 4102 1246 4170 promotos
1267 4100 1343 4156 Mur.

203 4191 258 4245 769
275 4187 330 4242 iam
340 4187 448 4257 accipet,
466 4189 497 4241 ut
514 4186 569 4240 iarn
581 4187 647 4255 AD,
665 4189 725 4241 tum
736 4187 806 4242 ocni.
820 4187 996 4243 Zecbmcistcr
1047 4189 1098 4242 779
1115 4185 1262 4255 Felicisque
1274 4189 1344 4243 coci.

203 4275 391 4341 Zecbmeioicr,
408 4272 505 4327 Felicis
523 4275 561 4342 D,
580 4274 618 4327 eis
635 4273 663 4328 A
715 4275 766 4330 780
783 4271 927 4343 proflueret
942 4275 980 4344 D,
997 4271 1091 4328 flueret
1109 4273 1165 4342 (ead
1176 4280 1239 4330 cote
1252 4273 1265 4328 l
1274 4281 1345 4346 spat.

200 4361 277 4431 acc.)
294 4362 330 4426 A,
347 4358 469 4415 efflueret
485 4361 560 4416 Mur.
