3217 4950
661 466 838 522 Praelatio.
1218 468 1317 522 XXXV

221 641 314 706 codex
337 640 518 708 Oasineusis
540 643 594 708 lat.
610 639 675 706 226
698 661 724 708 s.
739 643 795 710 Xl.
1360 665 1381 708 c

180 763 313 845 Lebrnn‚
348 765 401 848 qui
431 765 463 830 in
494 768 642 848 quattuor
672 765 830 830 codicibus
857 784 968 830 uersus
998 766 1152 850 Prospero
1183 767 1317 832 adscribi

180 868 322 950 affirmat,
350 870 470 935 duobus
494 869 649 935 codicibus
673 869 745 936 abb.
761 868 791 936 S.
808 870 941 935 Victoris
964 871 1151 936 Parisinusis
1174 869 1317 936 30011-

179 991 286 1038 uorum
309 992 386 1038 usus
408 979 466 1040 est.

217 1093 247 1158 2.
271 1113 398 1160 carmen
419 1096 591 1162 secundnm
614 1095 652 1160 de
674 1095 800 1160 narniae
816 1095 891 1160 lesa
906 1095 1023 1180 (iaspar
1038 1097 1186 1162 Barthius
1209 1099 1242 1162 in
1264 1117 1316 1163 co-

177 1200 240 1266 dice
264 1201 397 1267 membr.
415 1199 577 1267 Certusiae
600 1220 695 1286 prope
715 1201 964 1286 Argentoratum
982 1204 1065 1267 inter
1087 1202 1238 1267 nonnulla
1261 1221 1315 1267 aa·

176 1305 290 1369 norum
317 1310 481 1371 auctorum
508 1307 659 1389 opuscula
685 1307 851 1372 inuentum
877 1306 910 1370 in
938 1305 1199 1370 aduersariorum
1229 1324 1315 1371 com-

177 1411 398 1475 mentariorum
421 1410 492 1476 libr.
509 1409 561 1493 34,
578 1429 604 1476 o.
623 1411 639 1473 1
664 1411 797 1476 Paulino
825 1410 1000 1476 uindicanit
1022 1415 1054 1476 et
1076 1410 1179 1475 edidit.
1218 1411 1314 1476 codex

175 1515 303 1598 periisse
326 1515 465 1591 uidetur;
488 1534 545 1581 nos
569 1519 652 1580 carte
675 1535 749 1580 eum
771 1517 889 1581 trustra
911 1516 1135 1598 quaesiuimas.

215 1635 244 1699 3.
268 1654 396 1702 emman
416 1637 546 1702 tertium
569 1641 601 1703 et
623 1641 769 1720 quadum
792 1638 886 1702 codex
901 1636 1038 1702 Vrbinas
1060 1635 1125 1700 533
1141 1656 1166 1701 s.
1182 1637 1251 1718 XV,
1275 1637 1313 1702 de
1357 1637 1388 1700 Τ

175 1759 232 1822 qno
252 1760 348 1825 supra
368 1743 501 1826 egimus,
525 1742 659 1824 exhibet,
683 1743 765 1807 unde
785 1743 824 1807 A.
841 1742 907 1806 Mai
923 1739 994 1824 (SS.
1011 1741 1234 1828 episcoporam
1252 1739 1314 1804 Ni-

175 1853 256 1909 cetac
284 1855 314 1910 ct
339 1845 480 1910 Paulini
501 1846 627 1933 scripta
650 1869 688 1911 ecc
710 1845 812 1912 Vatia.
829 1844 994 1910 codicibus
1016 1845 1115 1929 edita,
1142 1847 1260 1912 Romae
1284 1865 1311 1911 a.

177 1947 265 2031 1827,
290 1971 320 2034 p.
341 1949 384 2015 63
407 1952 489 2035 sqq.)
519 1953 640 2035 primus
672 1953 777 2016 edidit.
809 1953 896 2036 prius
927 1970 946 2016 a
972 1951 997 2016 Ι.
1020 1951 1312 2031 Zechmcistero,

174 2055 305 2120 alterum
329 2074 347 2120 a
369 2055 452 2122 Gnil.
468 2055 733 2140 Wcinbergero
757 2057 904 2121 collatum
929 2061 987 2121 est.

215 2175 294 2242 Cum
312 2177 337 2242 Ι.
355 2176 575 2260 Zachmeister,
599 2179 674 2243 dum
694 2178 819 2243 Paulini
842 2179 1011 2243 editionem
1033 2182 1133 2261 parat,
1156 2197 1212 2261 per
1235 2177 1312 2242 duos

174 2300 267 2346 annos
283 2283 435 2347 maximas
456 2281 660 2348 bibliothecas
676 2286 892 2366 perscrutatus
916 2287 1000 2346 essct
1022 2284 1054 2346 et
1075 2281 1142 2365 ipse
1161 2282 1221 2346 hoc
1244 2287 1313 2347 stu-

174 2385 256 2451 dium
279 2388 438 2471 catalogos
461 2387 648 2472 perlagendo
672 2388 857 2470 codicesque
880 2386 1115 2469 comportando,
1137 2386 1177 2451 ab
1201 2386 1310 2451 amicis

174 2492 412 2556 adulescentulis
446 2492 477 2556 in
513 2492 606 2557 Italia
636 2492 739 2558 Gallia
767 2493 923 2576 Hispania
957 2492 1152 2557 morantibus
1184 2496 1311 2556 strenue

173 2595 303 2677 adiutus,
326 2614 382 2678 per
403 2595 474 2680 plus
498 2596 606 2661 decern
630 2614 729 2661 annos
752 2598 998 2677 continuassem‚
1026 2615 1116 2679 spem
1139 2614 1221 2661 noua
1243 2614 1311 2660 car-

173 2700 254 2763 mina
276 2700 329 2764 uel
351 2718 433 2764 noua
456 2701 569 2765 saltem
593 2702 785 2766 recensionis
813 2701 955 2785 subsidia
976 2699 1158 2765 inueniendi
1181 2700 1308 2765 tandem

172 2802 305 2886 deposui.
335 2821 573 2887 nonnumquam
594 2806 627 2869 in
650 2806 709 2871 hac
732 2824 826 2889 opera
847 2806 929 2870 falsa
951 2824 1016 2889 spe,
1040 2823 1137 2888 quam
1157 2803 1309 2869 librorum

170 2908 300 2993 cablogi
324 2910 546 2990 excitauerant,
570 2910 717 2995 deceptus
740 2930 821 2993 snm,
845 2911 926 2993 quod
946 2930 986 2975 ne
1005 2912 1077 2992 post
1097 2928 1147 2974 mc
1166 2910 1309 2973 uenturis

171 3015 300 3094 eueniat,
324 3031 431 3078 curam
455 3013 598 3079 omittere
622 3016 702 3080 nolo.

209 3137 257 3200 lta
273 3136 368 3200 codex
384 3135 598 3219 sangallensis
613 3133 677 3199 573
701 3157 726 3201 s.
742 3138 771 3201 X
794 3139 898 3202 nullos
916 3136 1043 3201 Paulini
1061 3135 1174 3200 Nolani
1197 3154 1307 3199 uersus

170 3240 273 3313 babet;
297 3258 372 3304 nam
389 3239 423 3306 C.
439 3240 545 3321 Halm,
569 3242 710 3324 quicum
726 3242 850 3305 Paulini
869 3241 983 3306 Nolani
1003 3241 1143 3305 carmina
1163 3239 1307 3303 exhibere

168 3346 196 3407 in
212 3342 429 3407 Vcrzec'clmisa
445 3344 502 3407 cler
518 3344 642 3408 ditores
654 3344 728 3409 Hos.
743 3343 799 3409 lat.
813 3345 1047 3409 Kirclrcacdtcr
1059 3344 1096 3406 ia
1111 3343 1171 3407 alea
1183 3341 1306 3406 Biblio-

168 3448 276 3511 thelon
296 3448 354 3512 der
374 3446 511 3514 Salacia
526 3450 637 3531 (Aead.
651 3450 742 3515 Vind.
763 3449 846 3513 1865
869 3455 945 3514 tom.
962 3450 997 3530 L,
1020 3469 1050 3532 p.
1070 3448 1145 3532 155)
1169 3448 1306 3511 affirma-

169 3553 229 3634 bat,
251 3554 390 3618 codicem
414 3556 481 3637 ipse
504 3574 565 3619 non
588 3556 761 3639 inspexisse
785 3556 870 3620 uidet
910 3607 917 3619 .

206 3676 293 3741 Inter
305 3676 403 3742 libros
415 3676 722 3759 Asbnruhamenscs‚
739 3680 792 3760 qni
808 3698 890 3743 nunc
903 3678 1076 3742 Florentiae
1093 3678 1305 3755 asseruantur,

167 3780 207 3843 ila
228 3780 415 3845 describitur
438 3800 483 3845 nr.
505 3780 588 3845 1814
604 3781 701 3864 (1737
719 3783 814 3864 autb:
836 3780 1050 3845 Miscellanea
1069 3778 1167 3843 Beati
1187 3778 1305 3841 Hiero-

166 3884 251 3969 nymi
274 3884 552 3970 ...Epistulae
573 3886 755 3970 Paulini,
778 3884 930 3972 Gregorii
953 3896 1009 3951 etc.
1032 3884 1098 3948 cod.
1119 3882 1247 3948 aarum.
1268 3884 1305 3945 ia

160 3986 220 4072 fol.
237 4008 261 4053 e.
278 3988 313 4051 X
329 3998 359 4052 et
373 3988 430 4053 XI.
456 3991 613 4055 inuenitur
630 3995 736 4056 autem
753 3992 888 4076 epistula
903 4009 966 4056 non
982 3990 1106 4055 Paulini
1119 3988 1234 4053 Nolani
1249 3988 1304 4052 sed

166 4092 383 4159 Foroiuliensis
399 4095 593 4177 patriarchae
608 4096 629 4161 f.
646 4094 706 4159 20²
722 4096 760 4159 do
775 4094 975 4183 Augustales
990 4095 1048 4179 qai
1063 4114 1195 4155 oaorem
1210 4113 1305 4154 arcam

165 4197 281 4261 occidit
301 4220 403 4262 caasa
423 4198 584 4263 adulterii
594 4209 731 4287 propter
752 4201 852 4263 aciae
869 4199 1092 4265 testimoniam.
1117 4195 1304 4260 Amneonerc

165 4311 190 4364 to
218 4324 291 4365 cam
314 4302 463 4366 lacrimis
491 4314 519 4367 ct
546 4304 647 4369 raalio
669 4305 789 4391 percita
816 4344 858 4351 —
885 4303 983 4390 Eapl.
1004 4312 1033 4366 ct
1055 4299 1114 4364 aar
1139 4298 1302 4363 mantiae

164 4405 419 4470 misericordiam
441 4408 558 4472 cotidie
580 4409 758 4494 implorare
781 4409 839 4494 qui
863 4416 1052 4493 compatre
1075 4410 1132 4469 etc.
