3217 4950
599 456 726 495 carmen
745 440 817 504 XXI,
831 443 976 497 355-416.
1297 426 1357 490 171

322 616 460 681 incoluit.
484 616 656 699 posthaec
678 617 839 700 geminato
863 618 1000 700 tegmine
1024 618 1123 682 creuit

323 726 443 786 stmota
470 721 591 802 domus,
619 723 733 786 uostris
762 739 842 805 quae
871 740 954 787 nunc
981 726 1089 787 manet
1110 723 1234 805 hospita
1255 723 1358 797 00111ος

323 824 448 890 subdita
469 825 658 909 pauperibus
681 826 855 890 famulatur
876 827 1012 909 porticus
1039 828 1151 911 aegris

322 948 401 1011 quae
423 947 480 994 nos
503 930 646 1014 inpositis
669 950 763 1013 super
786 931 893 995 addita
914 935 1000 996 tecta
1022 932 1160 995 colentes

237 1042 299 1097 300
323 1034 459 1099 sustinet
479 1034 623 1118 hospitiis
645 1036 837 1119 inopumque
860 1034 998 1100 salubria
1020 1039 1160 1118 praestat

321 1139 503 1204 uulneribus
527 1140 642 1204 nostris
665 1141 822 1205 consortia
846 1140 919 1205 sede
943 1140 1001 1205 sub
1026 1158 1098 1221 una,

321 1244 484 1308 commoda
505 1247 701 1326 praestemus
724 1244 815 1309 nohis
839 1247 875 1309 ut
896 1244 998 1309 amica
1020 1244 1170 1325 uicissim,

320 1348 527 1412 fundamenta
548 1348 596 1413 illi
617 1347 804 1413 confirment
827 1351 934 1413 nostra
956 1352 1130 1432 precantes,

321 1471 377 1517 nos
400 1451 540 1517 fraterna
561 1452 691 1536 inopum
712 1452 878 1522 foueamus
902 1470 1032 1537 corpora
1053 1457 1145 1517 tecto.

236 1564 298 1619 000
324 1576 395 1640 ergo
418 1556 544 1621 abibis
568 1561 657 1623 terno
680 1558 810 1623 dicionis
833 1558 917 1623 fasee
940 1559 1063 1624 leuatus

321 1662 450 1745 deposui
472 1662 560 1727 nulla
582 1663 774 1727 maculatam
797 1663 891 1727 caede
915 1664 1059 1744 securim,

319 1769 350 1829 te
372 1770 539 1831 reuocante
563 1767 622 1831 soli
644 1768 802 1849 quondam
826 1768 971 1851 genitalis
995 1768 1034 1831 ad
1057 1785 1143 1832 oram

319 1870 470 1936 sollicitae
493 1872 587 1936 matri
611 1890 681 1935 eum
704 1872 855 1936 redditus.
879 1873 952 1936 inde
975 1872 1165 1955 propinquos

319 1978 406 2039 trans
428 1976 502 2059 iuga
523 1976 662 2058 Pyrenes
686 1976 749 2041 adii
771 1977 954 2060 peregrinus
978 1975 1125 2041 Hiberos.

233 2087 298 2143 400
320 2079 384 2143 11110
406 2098 457 2143 me
481 2080 628 2145 thalamis
651 2081 792 2145 hnmana
814 2080 883 2164 lege
905 2080 1005 2163 iugari

318 2202 430 2266 passus
453 2204 497 2264 es,
521 2187 557 2249 ut
578 2186 677 2249 uitam
701 2202 947 2249 commercarere
970 2186 1103 2249 duorum

317 2306 433 2370 perque
455 2289 564 2373 iugum
586 2289 688 2353 carnis
712 2289 870 2371 duplicata
892 2290 977 2353 salus
1000 2290 1177 2354 animarum

318 2392 446 2458 dilatam
470 2394 563 2458 unius
585 2397 694 2477 posset
714 2412 847 2478 pensare
871 2394 1015 2458 salutem.

318 2515 353 2562 ex
376 2498 429 2563 illo
453 2499 598 2581 quamuis
622 2499 682 2564 alio
704 2499 783 2564 mihi
806 2500 933 2564 tramite
956 2501 1023 2564 0110

230 2608 294 2666 400
318 2607 455 2668 curreret
476 2607 571 2685 atque
594 2603 655 2667 alio
679 2603 814 2668 colerem
836 2604 944 2686 procul
966 2602 1088 2668 absitus
1112 2604 1196 2685 orbe,

317 2725 378 2788 qna
400 2707 497 2770 maris
521 2705 637 2772 Oceani
660 2708 857 2772 circumsona
880 2707 1022 2772 tunditur
1044 2713 1134 2773 aestu

317 2809 432 2875 Gallia:
456 2814 561 2875 mente
585 2814 692 2875 tamen
715 2829 888 2893 numquam
912 2812 1054 2876 diuulsae
1077 2811 1116 2877 ab
1140 2814 1203 2877 ista

319 2915 390 2978 sede
413 2915 459 2979 fui
482 2933 666 2998 semperque
690 2915 762 2980 sinu
784 2915 898 2979 Felicis
920 2917 1041 2982 inhaesi

315 3019 406 3100 inquc
429 3021 532 3084 uicem
556 3020 641 3084 sensi
664 3019 800 3084 Felicem
826 3020 976 3085 adsistere
999 3023 1113 3086 nostris

227 3132 292 3187 410
315 3122 409 3188 rebus
430 3125 463 3187 iu
487 3125 721 3188 omnebonum
744 3144 799 3208 per
823 3129 936 3190 cuncta
959 3126 1104 3208 domique
1127 3125 1264 3210 forisque

314 3228 514 3292 conficienda.
538 3229 617 3293 mihi
640 3248 690 3292 res
714 3233 746 3293 et
768 3229 907 3294 defensio
934 3249 1039 3295 rerum

313 3351 395 3396 0000
418 3335 485 3396 erat
506 3332 593 3396 Felix
616 3332 740 3415 placato
762 3335 891 3398 numine
915 3333 1042 3415 Christi,

314 3455 438 3520 semper
461 3441 493 3502 et
516 3442 663 3501 auertens
686 3438 819 3502 aduersa
843 3441 873 3501 et
896 3456 1046 3520 prospera
1068 3443 1241 3522 praestans,

355 3545 389 3606 tu
412 3541 500 3605 Felix
523 3561 646 3625 semper
668 3542 742 3606 felin
766 3543 854 3622 mihi,
879 3561 917 3606 ne
941 3545 1036 3607 miser
1060 3562 1173 3624 essem,

227 3652 291 3708 410
314 3649 465 3729 perpetua
486 3649 576 3729 pater
598 3649 629 3710 et
651 3649 755 3711 custos
778 3647 895 3729 pietate
918 3647 1015 3711 fuisti.

313 3767 446 3832 cumque
470 3751 646 3815 laborarem
668 3752 812 3834 germani
835 3750 988 3835 sanguine
1011 3751 1094 3816 eaesi

250 4045 303 4100 398
321 4043 433 4099 sollicite
451 4045 478 4099 A
546 4046 596 4101 401
617 4060 794 4098 commeruere
813 4046 843 4100 D
906 4047 957 4100 405
976 4043 1056 4099 aliam
1075 4060 1260 4115 spaeram
1279 4047 1347 4101 0001.

203 4131 308 4187 Petnrs
321 4133 531 4188 Bermordooias
583 4135 635 4188 406
653 4131 778 4187 ocianiA
833 4133 998 4186 circumsona
1017 4131 1140 4186 tunditur
1152 4132 1190 4200 D,
1207 4139 1238 4188 01
1251 4132 1349 4187 Petraea

201 4219 416 4274 namneum
442 4221 598 4287 coniecerat,
626 4219 805 4274 circumsonat
831 4219 941 4273 unditus
967 4221 995 4274 A
1084 4221 1135 4275 407
1163 4218 1245 4287 gallia
1267 4219 1348 4287 DA²,

201 4303 289 4360 Galla
305 4303 427 4361 A’Mar.
481 4307 533 4361 408
551 4305 608 4359 0100
626 4305 737 4358 fuissem
754 4321 852 4374 perque
871 4305 945 4359 sinus
962 4307 989 4359 A
1060 4308 1110 4361 411
1134 4307 1187 4376 res]
1207 4322 1266 4375 spes
1283 4309 1347 4375 sort.

199 4395 260 4448 413
279 4407 370 4445 auersa
388 4394 463 4448 Mur.
517 4395 569 4448 416
586 4391 705 4446 laborem
722 4395 751 4448 A
