3217 4950
576 452 703 491 carmen
721 436 833 501 XXXII,
847 440 990 495 rut-229.

319 612 369 675 hio
392 613 536 677 dominus
559 613 597 676 de
620 612 711 677 corde
735 612 794 694 dei,
818 613 869 677 hic
891 615 1019 697 spiritus
1042 616 1115 695 oris,

320 717 420 781 sancti
443 734 546 781 sermo
568 718 677 801 patrie,
701 720 862 782 tantarum
885 717 1004 783 fabrica
1025 737 1140 784 rerum.

319 838 376 885 000
399 839 433 885 00
456 838 597 909 paganus
620 821 736 902 laudet,
760 822 786 885 si
809 821 863 903 qui
884 820 967 886 idola
987 823 1067 887 uitat

235 931 296 987 200
321 929 376 990 001
398 926 475 991 satis
499 944 567 990 esse
589 928 681 1010 putat
703 925 786 1008 quod
808 926 936 990 numine
959 928 1065 991 credat
1085 928 1119 992 in
1140 946 1212 993 uno.

319 1030 371 1111 qui
394 1030 466 1094 colit
488 1030 542 1095 ille
565 1030 669 1110 deum,
693 1030 745 1111 qni
767 1030 901 1094 uerbum
923 1048 985 1096 non
1009 1031 1084 1096 colit
1105 1031 1180 1113 eius,

318 1134 372 1215 qui
394 1151 457 1198 non
480 1134 631 1199 uirtutem
654 1134 751 1199 simili
773 1137 942 1199 ueneratur
963 1135 1103 1200 honore?

319 1238 434 1320 quique
457 1238 648 1303 inuisibilem
672 1238 1029 1322 inconprensibilemque
1051 1240 1169 1305 latetur

319 1362 387 1408 esse
411 1341 514 1423 deum,
536 1343 587 1407 hic
610 1343 705 1407 etiam
729 1342 903 1424 Christum,
926 1344 953 1407 si
975 1344 1099 1427 cogitet,
1122 1345 1206 1408 idem

235 1454 297 1509 210
320 1447 470 1529 inueniet,
493 1447 640 1529 quoniam
663 1446 796 1512 uerbum
820 1448 1029 1530 conprendere
1052 1466 1156 1529 nemo,

319 1570 411 1617 nemo
434 1551 539 1615 uidere
562 1554 675 1634 potest,
699 1568 792 1635 opera
815 1552 881 1616 eins
904 1552 972 1617 sola
993 1552 1149 1617 uidentur.

317 1656 461 1740 inpetro
484 1660 577 1721 natus
601 1655 695 1736 enim,
717 1654 750 1719 in
773 1658 846 1719 nato
869 1659 958 1739 pater
981 1657 1087 1721 omnia
1109 1657 1184 1721 fecit

319 1764 351 1825 ot
373 1761 520 1845 quicquid
542 1760 658 1825 uirtute
681 1759 766 1824 dedit
787 1761 905 1844 pietate
928 1763 1043 1825 tuetur.

318 1868 363 1931 sic
385 1866 455 1947 luit,
480 1868 582 1929 estet
606 1865 665 1928 erit
687 1882 779 1929 uerus
803 1865 942 1929 saluator
964 1864 996 1929 iu
1020 1882 1145 1946 aenum,

234 1980 294 2033 215
318 1972 371 2053 qui
394 1971 467 2035 tulit
489 1986 619 2049 errores,
642 1968 695 2050 qui
718 1968 793 2032 lecit
816 1986 891 2031 uera
911 1969 1011 2033 uideri

316 2077 502 2159 placatoque
524 2074 608 2157 patri
630 2076 815 2157 pereuntem
838 2073 971 2137 reddidit
992 2072 1111 2139 orbem.

317 2199 374 2245 neo
398 2180 511 2244 mirum
535 2178 561 2243 si
583 2181 696 2243 cuncta
718 2177 799 2261 regit
821 2178 875 2259 qui
897 2180 1011 2241 cuncto
1032 2179 1160 2258 creauit,

318 2286 370 2368 qui
393 2284 478 2349 dedit
500 2302 536 2347 ex
559 2282 656 2347 nihilo
680 2286 782 2347 totum
805 2282 929 2364 lucique
951 2282 1098 2346 tenebras

317 2390 454 2473 reppulit
476 2392 568 2470 atque
591 2388 673 2452 diem
697 2386 788 2452 iussit
810 2385 976 2451 succedere
998 2388 1082 2451 nocti

234 2503 295 2558 220
318 2496 460 2577 quodque
483 2495 515 2558 in
538 2511 631 2558 carne
653 2493 715 2557 fuit
737 2493 840 2557 carnis
862 2495 991 2575 peccata
1012 2492 1158 2567 remittit;

319 2601 417 2664 cernit
439 2599 522 2664 enirn
545 2598 689 2682 fragilem
711 2597 820 2662 faciles
843 2597 1001 2662 incurrere
1023 2598 1131 2679 lapsus

316 2704 547 2786 corripiensque
570 2705 676 2766 tamen
700 2702 826 2779 ueniam
849 2701 936 2765 dabit
958 2700 1104 2765 omnibns
1127 2718 1234 2780 unam,

317 2827 445 2891 remque
469 2825 582 2872 nonam
606 2807 707 2871 dicam
730 2823 787 2869 nec
811 2823 862 2870 me
885 2804 998 2868 dixisse
1021 2803 1150 2889 pigebit,

316 2913 449 2996 plusque
470 2912 541 2994 pius
564 2929 659 2994 quam
682 2910 785 2975 iustus
809 2910 877 2974 orit.
901 2910 929 2973 si
952 2909 1084 2990 deniqne
1106 2909 1207 2973 iustus

233 3023 294 3080 225
319 3037 387 3082 esse
409 3016 497 3098 uelit,
520 3017 625 3082 nullus
648 3015 750 3099 fugiet
772 3016 840 3079 sine
863 3014 995 3079 crimine
1016 3030 1166 3096 poencm3

316 3123 417 3186 iustus
441 3121 523 3186 enim
548 3120 633 3185 mala
655 3121 853 3200 condemnat,
876 3118 947 3202 pius
970 3119 1076 3183 omnia
1098 3117 1202 3182 donat.

315 3226 374 3291 hoc
397 3225 482 3306 facit,
506 3230 542 3289 ut
563 3227 633 3289 rata
655 3225 719 3289 sint
740 3226 892 3288 uenturae
916 3240 1047 3287 munera
1068 3222 1153 3286 uitae

317 3333 349 3394 et
372 3329 452 3413 quod
475 3329 568 3413 culpe
590 3329 662 3393 tulit
684 3347 810 3392 rursum
832 3327 1028 3410 indulgentia
1049 3327 1173 3401 reddat;

317 3452 395 3517 quae
418 3435 444 3499 si
468 3452 529 3498 non
552 3434 647 3498 luerit
669 3433 754 3518 plebi
777 3450 925 3497 concessa
946 3431 1079 3515 roganti,

254 3583 306 3637 202
326 3579 448 3634 domiuus
460 3581 567 3650 scripsi,
587 3577 652 3632 dena
664 3579 729 3647 AD,
748 3577 813 3632 deus
831 3581 873 3631 est
890 3578 965 3633 Mar.
1020 3575 1052 3630 di
1060 3577 1133 3631 Dia
1149 3593 1203 3631 roo.
1257 3575 1309 3630 204
1327 3574 1350 3627 si

213 3667 446 3724 uitatidolacom'.
460 3669 535 3723 er.
589 3669 640 3723 205
658 3667 824 3736 antescripsi,
842 3667 919 3732 atA,
935 3664 1091 3719 acDMor.
1145 3661 1350 3730 nominalium,

213 3757 319 3810 nomine
338 3756 396 3810 AD
449 3757 500 3811 206
518 3753 564 3822 qni
582 3755 651 3810 coni.
664 3754 799 3821 Boreion,
821 3750 887 3820 qnid
904 3752 962 3805 AD
1014 3750 1084 3804 colet
1100 3752 1128 3805 A
1161 3748 1350 3804 ,20810000-

212 3841 467 3913 prehensibilemque
485 3843 570 3910 Mor,
587 3837 899 3909 incomprehensibilique
918 3839 976 3893 AD
1044 3839 1096 3892 209
1114 3833 1182 3890 dim
1199 3834 1257 3889 AD
1327 3834 1350 3886 si

212 3931 284 3998 cogit
301 3933 328 3983 ot
346 3929 417 3982 idem
434 3929 464 3984 D
524 3931 575 3984 210
593 3925 806 3997 conprehendere
824 3927 895 3993 AD,·
913 3942 960 3980 em.
977 3925 1071 3980 Oebler
1126 3925 1174 3979 211
1196 3921 1303 3976 uidetur
1320 3922 1350 3976 D

211 4019 262 4073 212
280 4017 368 4120 0011011]
386 4018 461 4085 patre
479 4016 509 4071 D
587 4017 637 4070 213
656 4013 781 4082 quidquit
798 4014 828 4067 D
905 4013 956 4068 214
974 4010 1028 4065 fuit
1045 4013 1073 4063 ot
1090 4009 1195 4064 steterit
1211 4023 1304 4062 uersus
1322 4009 1349 4062 A

211 4132 263 4186 216
281 4129 370 4184 reddit
380 4129 411 4185 D
463 4129 514 4185 218
531 4125 637 4196 lucique
648 4127 756 4196 scripsi,
773 4125 913 4192 lucemque
924 4125 990 4191 AD,
1008 4124 1054 4192 qui
1066 4123 1125 4177 luce
1142 4125 1210 4179 coni.
1224 4122 1350 4176 Boreion

211 4218 421 4273 thecbmeietcr
472 4213 589 4268 tenebris
600 4214 674 4269 Mur.
729 4215 780 4269 219
798 4211 925 4282 praetulit
937 4212 1013 4266 Mar.
1066 4212 1117 4266 223
1134 4211 1260 4280 oporam
1271 4209 1350 4263 babet

211 4305 297 4360 Ebert
348 4305 399 4360 225
418 4302 504 4370 fugiet
521 4300 726 4370 (ugietinras.)
744 4302 773 4355 D
826 4314 936 4368 paenam
950 4299 980 4353 D
1031 4299 1083 4353 228
1101 4295 1196 4350 reddat
1211 4297 1349 4351 Diores.

211 4393 262 4448 229
281 4391 362 4445 luerit
379 4392 448 4446 coni.
461 4391 594 4457 Bwoiun,
613 4388 714 4442 tuerint
731 4388 789 4443 AD

262 4486 324 4528 m.
334 4485 419 4528 Paulini
431 4485 478 4526 llol.
490 4485 590 4526 earmina.
1160 4472 1193 4521 22
