3217 4950
591 443 718 481 cermen
735 428 808 493 XXI,
818 430 967 485 788-846.

229 614 292 669 815
316 624 351 669 eu
374 622 432 688 cpe
454 603 562 668 diuina
582 604 679 688 lurgis
702 604 802 669 ditata
822 603 957 669 fluentis.

315 728 387 794 erge
410 712 442 773 et
464 712 498 773 tu
521 726 645 773 mecum
667 727 798 792 paruam
822 711 910 791 quasi
933 712 1033 774 mater
1055 709 1213 791 Abellam,

313 814 403 895 Nola,
425 814 508 894 ioue,
530 815 687 897 queniam,
709 818 747 878 nt
768 815 938 899 cognoscis,
963 818 994 879 et
1015 815 1084 898 ipsc
1106 818 1242 897 tuemm,

314 918 472 983 tiliacum
495 922 551 983 tue
572 919 624 1000 sit,
646 921 755 983 temen
778 917 908 983 esttibi
931 922 1031 983 mater
1054 937 1217 1002 equarum,

314 1024 401 1088 cuius
423 1022 463 1087 eb
485 1023 639 1107 indigenis
661 1022 718 1087 tibi
740 1022 901 1088 montibus
925 1022 1040 1087 adfluet
1062 1024 1163 1088 omnis

227 1138 292 1193 820
315 1130 412 1213 cepis,
436 1146 498 1211 que
519 1128 623 1192 fueras
646 1127 788 1192 felicibus
813 1132 886 1193 ente
909 1128 1045 1211 superbe

315 1237 346 1297 et
367 1250 429 1315 que
450 1236 522 1315 pest
544 1232 647 1297 studio
670 1234 797 1297 meliore
821 1232 965 1297 ministra
987 1232 1083 1297 fuisti.

356 1337 456 1422 gaude
478 1338 584 1420 igitur,
608 1354 679 1401 mee
699 1335 791 1418 Nola,
814 1337 873 1402 tibi
896 1341 927 1402 et
948 1340 1083 1421 grctere,
1108 1338 1244 1421 profusis

314 1442 432 1507 uiribus
456 1441 599 1507 exultans
623 1440 757 1522 Obnistc,
781 1442 834 1523 qui
856 1445 886 1505 te
908 1460 964 1525 per
987 1441 1122 1505 amicum

314 1541 521 1629 dilectumque
544 1565 637 1610 suum
660 1546 798 1611 Felicem
822 1546 920 1627 finxit,
944 1549 976 1610 et
998 1546 1083 1610 nuxit

225 1660 291 1715 825
314 1655 426 1716 nature
447 1651 622 1715 famulante
644 1654 734 1715 tuum
757 1668 870 1715 manus
895 1650 959 1715 ulte
982 1650 1134 1715 decerem.

313 1774 403 1819 cerne
428 1758 518 1820 tuem
540 1755 663 1835 faciem,
686 1772 749 1838 qua
770 1773 855 1820 nunc
878 1771 961 1819 ncne
982 1755 1190 1839 praenituisti,

312 1862 348 1924 ut
369 1878 491 1940 nosces,
514 1860 676 1924 dederisne
700 1859 817 1941 eliquid
840 1858 951 1923 Felicis
974 1859 1083 1924 hcnori

314 1982 353 2028 an
377 1964 477 2048 magis
501 1982 520 2027 c
541 1964 644 2028 Felice
666 1963 716 2028 dei
738 1964 898 2029 cumulata
919 1964 1052 2029 celeris?

314 2086 402 2151 asper
424 2067 479 2132 ubi
501 2068 592 2133 nudis
616 2067 725 2134 urebat
747 2069 885 2133 celculus
909 2069 1003 2149 eruis,

224 2180 290 2237 830
313 2190 395 2237 nunc
417 2176 540 2237 mutate
561 2173 643 2237 uiuet
664 2172 848 2238 medeiectis
870 2173 974 2257 gretie
996 2172 1105 2257 glebis.

313 2295 375 2342 nen
396 2277 474 2342 istos
497 2280 621 2342 tentum
643 2278 747 2342 fontes
770 2277 837 2359 tibi,
859 2276 952 2358 Nola,
974 2278 1111 2361 proludit

313 2381 425 2447 Felicis
448 2382 558 2446 meritc
581 2382 670 2446 diues
693 2382 750 2446 tibi
772 2382 875 2465 gretie
899 2380 1027 2457 Christi3

313 2485 468 2552 ceeliflues
491 2487 587 2551 etiam
610 2488 713 2552 fontes
735 2488 797 2552 huc
821 2487 861 2552 ed
882 2491 937 2552 lus
959 2487 1048 2551 duxit

313 2592 436 2656 incenia
457 2592 630 2674 Felicisque
654 2593 725 2656 sinu
747 2593 903 2676 gaudente
926 2591 1044 2656 locales

224 2705 288 2760 835
313 2696 452 2760 diffluere
474 2697 507 2761 in
529 2697 646 2761 multes
669 2695 776 2762 effusis
799 2697 945 2761 amnibus
968 2695 1062 2760 nrbes

312 2800 388 2865 mbe
410 2803 465 2864 tue
486 2800 587 2865 iussit.
610 2801 745 2865 famulos
770 2799 887 2866 Christi
907 2802 1017 2883 loquer
1039 2800 1127 2882 istm,

311 2923 367 2988 pur
388 2905 521 2970 inlustre
544 2905 612 2986 dec,
633 2902 717 2991 (per)
739 2905 842 2970 nobile
865 2906 991 2971 nemine
1016 2905 1142 2986 Christi,

311 3009 429 3074 Albine
450 3027 521 3074 cum
544 3012 645 3073 metre
667 3010 730 3074 tuis
753 3009 845 3074 modo
867 3009 982 3074 finibus
1006 3012 1100 3090 ortes,

311 3113 443 3197 pignere
464 3116 647 3178 cunctorum
670 3117 850 3178 sanctorum
873 3117 905 3178 et
928 3113 1043 3198 gaudie
1066 3113 1154 3194 caeli,

223 3226 291 3281 840
312 3217 475 3282 Piniedem
497 3217 618 3282 Melani
641 3235 713 3282 cum
736 3219 860 3285 loedere
883 3237 939 3302 per
962 3217 1171 3282 benedictum.

311 3323 368 3387 hes
391 3323 468 3386 deus
491 3325 524 3386 et
546 3325 637 3388 natos
661 3322 772 3387 Felicis
796 3326 828 3387 et
850 3323 948 3388 ubera
969 3323 1054 3404 iecit,

312 3425 409 3490 ubere
430 3426 555 3490 diuinae
578 3426 727 3492 bonitatis
749 3425 871 3511 proflua
892 3429 983 3509 lecte,

313 3551 329 3594 e
352 3530 464 3612 quibus
487 3530 588 3595 omnis
611 3531 700 3613 ineps
723 3531 876 3596 elimenta
897 3531 1029 3595 fluentis
1051 3531 1158 3612 sumit,

312 3633 413 3698 omnis
435 3633 512 3698 item
535 3634 623 3698 diues
647 3635 835 3699 documenta
858 3634 996 3700 salubria
1017 3635 1123 3698 sumit.

224 3745 289 3803 845
311 3738 345 3803 hi
368 3740 441 3802 sunt
464 3756 536 3803 ecce
557 3739 609 3822 pic
632 3737 749 3804 Christi
771 3738 810 3803 de
832 3738 961 3803 flumine
983 3739 1098 3819 sontes,

311 3842 448 3924 quinon
470 3841 589 3907 nisibili
609 3861 665 3926 per
687 3847 804 3907 terrem
828 3843 950 3927 gurgite
973 3845 1113 3924 manent,

249 4035 302 4088 820
319 4048 371 4101 que
388 4034 454 4102 AD,
472 4047 540 4101 quse
557 4034 632 4089 Mur.
685 4031 773 4087 Felice
791 4029 883 4088 urente
900 4036 964 4104 sort.
1018 4035 1069 4091 826
1086 4032 1257 4102 prcenitmsti
1275 4034 1345 4089 coni.

203 4121 391 4186 Zwbmeieter,
413 4119 569 4188 paenitudsti
590 4120 649 4174 AD
726 4122 778 4176 828
801 4119 856 4190 dei]
875 4120 940 4175 cdso
962 4122 1030 4176 ceni.
1049 4121 1226 4177 chbmeietcr
1303 4133 1346 4172 ec-

201 4206 271 4260 loris
283 4204 326 4259 A²
378 4206 559 4263 sccundus
611 4209 663 4264 880
675 4206 848 4276 glaebisAD
898 4209 950 4265 832
962 4205 1013 4262 tibi
1025 4207 1100 4260 diues
1112 4207 1187 4262 Mur.
1234 4207 1285 4261 887
1297 4221 1346 4274 per

202 4293 426 4361 mm.,0m.A1>
505 4296 556 4350 840
573 4293 713 4347 Piniadem
731 4296 769 4363 D,
787 4293 894 4364 piniede
912 4296 948 4364 A,
966 4293 1094 4348 Piniedee
1112 4293 1187 4348 Mur.
1262 4293 1347 4348 8480

202 4381 291 4448 Mser„
310 4381 336 4433 et
352 4380 411 4435 AD
462 4383 514 4437 844
531 4380 682 4435 decimenta
699 4383 758 4438 AD
