3217 4950
526 419 693 489 appendix.
713 436 841 475 carmen
858 421 881 484 1,
895 422 1017 486 lla-11,
1030 425 1071 479 69.

465 604 499 652 ab
595 600 624 657 et
639 615 719 657 arma
732 598 845 673 quaerit
860 600 982 673 perdita,

542 684 625 745 fidem
642 684 763 745 sinistra
777 688 897 760 quassat
911 687 1078 759 obstinatio,

593 771 662 831 felix
677 790 796 831 reorum.
814 790 874 833 non
886 774 943 833 diu.

541 858 594 917 hcc
609 860 643 918 ad
660 860 781 918 salutem
797 875 902 918 nomen
917 860 1045 920 auditum
1061 862 1152 933 uenit,

594 946 647 1004 hec
662 964 744 1006 omne
759 946 837 1005 tellit
851 947 1043 1023 pharmacum.

465 1039 498 1088 35
542 1035 660 1093 obsessa
674 1036 801 1093 membra
816 1034 992 1109 spiritusque
1008 1037 1143 1095 daemone

592 1122 715 1179 uexatus
730 1120 925 1193 impurissimo

541 1207 594 1265 hec
608 1207 661 1265 hoc
676 1207 813 1266 medelam
829 1208 991 1268 sortiuntur
1005 1209 1131 1280 nemine,

593 1294 770 1367 redeuntque
786 1311 901 1352 sursum
915 1298 952 1354 ab
966 1294 1069 1355 inieris

542 1382 658 1439 cantata
673 1381 734 1440 diro
749 1381 875 1441 carmine
890 1384 920 1439 et
935 1383 1029 1441 bustis
1044 1400 1114 1443 sone

465 1474 500 1524 40
596 1469 698 1527 deuota
713 1484 781 1543 sagn
797 1484 916 1542 corpora

542 1554 600 1613 uim
615 1552 778 1629 colligentis
794 1554 930 1629 perfidam
946 1556 1095 1616 excutiunt
1109 1558 1176 1630 luis,

594 1644 623 1701 et
637 1658 711 1701 sana
725 1644 880 1701 uertuntur
895 1642 1016 1701 domum.

540 1742 675 1803 compago
691 1746 774 1803 quem
790 1728 884 1788 seluta
899 1731 1077 1791 membratim
1092 1731 1171 1790 iubet

594 1816 665 1875 lecte
681 1817 779 1875 sedere
794 1816 925 1887 debilem,

463 1907 497 1957 lb
541 1920 625 1977 quem
641 1903 772 1973 caecitas,
789 1920 859 1961 crux
873 1904 1000 1962 emnium
1015 1903 1185 1977 miserrima,

593 1989 701 2049 addixit
716 1990 811 2050 alieno
826 1990 901 2065 pedi,

540 2080 660 2151 utreque
676 2076 807 2135 claudum
823 2094 907 2151 quem
922 2078 1022 2137 uenire
1036 2078 1143 2152 peplite

592 2164 672 2223 uidet
686 2164 823 2222 uniuersa
837 2164 954 2223 ciuitas:

541 2250 602 2309 suis
618 2250 709 2310 redire
724 2249 873 2325 gressibus
888 2252 1000 2309 demum
1015 2255 1126 2326 queunt

464 2343 498 2392 60
594 2354 698 2398 nemen
714 2338 892 2397 celebrantes
907 2338 960 2397 dei.

542 2424 630 2496 salue,
647 2442 662 2486 c
678 2424 779 2500 ¹Apollo
795 2442 873 2498 uere,
888 2425 986 2484 Paean
1002 2426 1111 2500 inclite,

524 2579 531 2588 ,
593 2513 692 2586 pulser
708 2513 839 2572 draconis
856 2511 957 2572 inferii

542 2599 632 2658 dulcis
648 2600 689 2658 tui
706 2599 843 2673 pharetra
856 2599 1025 2670 testimonii,

595 2688 669 2760 qued
685 2688 821 2761 quattuor
835 2688 950 2745 cunstat
964 2687 1047 2759 uiris,

463 2778 497 2828 55
542 2773 650 2848 sagitte
664 2773 747 2832 melle
762 2773 885 2832 tinctilis
900 2773 1073 2849 prophetico,

592 2861 715 2934 pinnata
729 2862 843 2934 patrum
858 2861 992 2933 craculis,

541 2963 624 3006 arcus
639 2949 776 3022 patemus
791 2946 866 3006 ferte
882 2947 1000 3006 uirtutis
1015 2965 1134 3020 sonans,

594 3033 739 3094 miraculis
754 3051 862 3093 neruus
876 3036 980 3108 petens

542 3123 670 3180 strauere
686 3123 810 3180 ueterem
825 3123 915 3180 morte
931 3125 1093 3197 serpentem
1108 3141 1170 3182 sua.

465 3215 499 3263 60
595 3209 621 3268 ic
637 3208 780 3282 triumphe
795 3208 915 3269 ncbilisi

542 3295 630 3365 salue,
646 3298 730 3354 beata
745 3295 850 3354 saeculi
867 3294 996 3366 uictoria,

592 3399 698 3456 parens
715 3382 790 3442 beati
805 3381 957 3456 temperiei

542 3469 630 3538 salue,
647 3471 720 3542 qircd
737 3487 836 3527 omnes
851 3469 948 3528 caelici
964 3470 1048 3529 medii
1063 3469 1150 3529 inferi

592 3573 697 3614 nemen
712 3574 788 3631 genu
803 3556 875 3615 llere
889 3556 1024 3615 audiuntl

464 3649 497 3698 65
542 3643 631 3714 salue,
649 3660 723 3702 unus
738 3660 815 3701 unus
830 3661 907 3702 unus
923 3642 953 3700 in
970 3643 1046 3702 trine
1062 3645 1141 3714 deus,

593 3730 672 3788 salue
687 3729 792 3789 unuin
808 3746 865 3788 nnc
880 3730 1012 3789 trinitas!

540 3817 619 3886 haec,
635 3817 684 3874 lux
699 3817 757 3876 Eue
773 3833 836 3874 cum
852 3816 947 3875 leuata
961 3817 1076 3876 cardine

593 3904 649 3962 iter
664 3904 797 3963 diurnum
814 3903 945 3978 suscipit,

465 3971 469 3976 ¹
541 3991 619 4062 haec,
635 4008 697 4048 cum
714 3990 860 4049 occidente
876 3991 918 4048 scl
934 3989 1012 4049 subit
1026 4007 1111 4048 curru
1126 3989 1242 4063 fretum,

273 4201 308 4255 32
326 4198 389 4254 ielix
407 4197 435 4267 (i.
448 4215 469 4254 e.
483 4196 548 4266 dlix)
567 4213 672 4250 reorum
689 4197 797 4267 accipet,
820 4195 884 4250 felix
901 4211 1020 4248 errorum
1040 4195 1130 4250 Barth
1180 4202 1243 4265 poet
1260 4212 1365 4250 reorum

230 4288 389 4357 interpatent
453 4287 487 4340 53
504 4283 604 4338 faretra
622 4285 710 4340 Bartb
779 4286 813 4338 55
830 4282 959 4352 profetico
976 4282 1067 4337 Barth
1130 4285 1162 4337 61
1181 4281 1277 4336 seculis
1295 4284 1367 4353 cod.;

230 4392 277 4432 ern.
290 4375 380 4430 Bartb
