3217 4950
263 414 327 479 314
596 433 621 484 ὃ.
636 430 766 485 Paulini
786 430 907 484 Noleni
924 430 1072 500 episcopi

368 652 373 661 -
470 608 610 691 praefero
634 609 784 673 uietorem
808 608 917 672 mertis
940 611 974 671 et
994 609 1105 691 anguis
1128 605 1241 671 Adam.

314 722 372 775 185
417 730 506 794 quee,
530 730 615 796 rego,
638 712 797 777 sufficient
819 711 911 777 uobis
933 711 1122 777 selesiensi
1145 730 1224 794 quse

471 816 597 882 sanabit
619 817 719 881 sesses
742 816 806 881 iem
829 816 952 899 requies
975 816 1107 897 enimes,

419 921 446 985 si
469 938 526 985 nee
548 923 637 986 tenta
658 923 763 1004 petest
785 921 886 1005 eegn's
910 920 1064 985 medicine
1086 919 1214 999 mederi,

471 1042 550 1107 quae
574 1025 656 1089 uitus
679 1025 767 1089 obite
789 1028 890 1089 morte
911 1025 1013 1091 redire
1036 1026 1146 1089 deeet?

418 1146 551 1209 maeror,
574 1129 638 1204 ebi3
662 1130 797 1210 diseede,
820 1148 932 1212 panon
955 1129 1040 1212 iuge,
1063 1129 1164 1211 eulpa.
1192 1127 1256 1192 ruit
1278 1144 1373 1207 mers,

316 1243 376 1299 190
472 1234 540 1298 uite
561 1234 739 1315 resurrexit,
763 1233 909 1299 Christus
930 1234 964 1297 iu
987 1237 1073 1298 estre
1094 1236 1196 1314 urent,

419 1342 518 1402 morte
540 1356 613 1402 men
634 1338 761 1403 functus
785 1338 863 1401 mihi
886 1340 1029 1403 mortuus
1052 1336 1184 1401 etmihi
1206 1339 1316 1416 rietur,

470 1447 506 1508 ut
527 1460 612 1507 mers
633 1443 753 1526 peeeeti
776 1443 819 1507 sit
840 1442 918 1507 mihi
939 1442 1008 1506 uite
1029 1442 1087 1506 dei.

419 1546 552 1629 denique
575 1550 734 1611 seruatum
758 1546 823 1611 iem
846 1546 884 1610 de
907 1564 999 1611 eruce
1022 1546 1110 1611 duxit
1131 1549 1240 1628 repertu

469 1652 569 1716 limite
591 1652 756 1732 latronem,
780 1669 844 1733 que
864 1650 1029 1735 paradisus
1052 1650 1152 1730 adest,

315 1764 374 1820 195
420 1774 550 1821 munere
572 1774 630 1839 quo
654 1758 780 1841 signnm
803 1755 891 1820 dedit
913 1760 946 1820 et
967 1759 1097 1839 peeeute
1117 1754 1204 1837 piare

471 1864 503 1925 et
524 1862 662 1926 nemoris
684 1862 775 1926 uetiti
797 1861 923 1925 nineere
946 1866 1056 1942 seepte
1076 1859 1147 1925 fide.

417 1965 533 2030 talibus
556 1965 717 2047 exemplis,
741 1970 830 2031 tante
853 1982 1002 2049 sponsore
1025 1965 1137 2030 salutis

471 2073 589 2135 erentes
611 2071 703 2135 luetis
727 2074 850 2135 uertere
873 2074 997 2135 maeste
1018 2071 1116 2133 deeet.

417 2176 572 2258 pellemus
595 2176 740 2257 querulos
762 2176 888 2258 ingrate
909 2176 1001 2239 eorde
1024 2174 1145 2239 doleres

313 2288 375 2342 200
472 2284 502 2344 et
525 2279 655 2344 redeunt
678 2280 768 2344 tersis
790 2279 914 2344 lumine
935 2297 1014 2362 pure
1035 2279 1144 2343 neniis.

417 2383 581 2449 credamus
606 2382 739 2465 Christe,
763 2384 846 2466 quod
869 2384 902 2448 in
923 2383 992 2466 ipse
1014 2383 1162 2463 uidimus,
1183 2382 1284 2447 isdem

469 2506 525 2554 nes
549 2487 662 2571 quibus
685 2489 856 2554 decidimus
878 2507 1006 2573 surgere
1028 2487 1219 2571 corporibus,

416 2594 488 2658 inde
511 2594 677 2678 superfusa
699 2593 796 2657 diuini
820 2597 909 2658 ueste
932 2593 1050 2658 decoris

469 2716 593 2762 sumere
616 2701 755 2763 mutatos
778 2697 954 2781 angelicam
976 2697 1124 2781 speeiem.

313 2810 373 2864 205
420 2803 501 2884 quod
524 2803 550 2866 si
574 2805 663 2867 tenta
685 2802 798 2867 animis
823 2820 882 2867 nor
904 2802 1111 2885 caligantibus
1134 2801 1240 2868 obstet

470 2909 502 2971 et
522 2905 609 2990 piger
632 2905 767 2970 obtunso
790 2923 917 2989 eorpore
940 2925 1051 2970 sensus
1073 2905 1177 2986 hebet,

417 3015 461 3094 nt,
485 3011 558 3094 quie
580 3010 736 3093 eerpereis
759 3011 859 3075 oeulis
881 3010 988 3075 dinine
1009 3013 1168 3094 teguntur,

469 3116 589 3181 unllam
613 3115 724 3181 dicetis
748 3115 865 3199 seripte
887 3119 994 3180 tenere
1016 3115 1128 3181 fidem:

417 3220 473 3285 sed
496 3221 605 3286 deceat
627 3220 746 3284 Paulus
769 3221 844 3303 quie
866 3239 928 3286 nen
951 3224 1079 3286 aeterne
1100 3221 1257 3302 uidentur,

313 3332 374 3388 210
468 3328 596 3389 aeterne
617 3325 763 3389 humenis
787 3323 895 3390 abdita
917 3329 991 3390 sunt
1013 3325 1120 3390 euntis.

417 3430 576 3514 iusipiens,
600 3433 725 3495 terrene
747 3429 829 3511 uide,
852 3430 999 3495 eeelestia
1020 3431 1121 3511 erede,

469 3535 581 3600 obtutu
604 3535 757 3600 mnndum
780 3535 935 3618 ennepius,
958 3539 1064 3600 mente
1086 3534 1190 3600 deum.

417 3639 491 3706 hine
512 3640 650 3724 pretiose
672 3639 764 3716 fides;
788 3657 862 3704 uam
886 3640 968 3704 sieut
989 3641 1090 3724 gretie
1111 3640 1177 3704 iem
1199 3657 1261 3704 nen

368 3847 641 3918 fflfflffiffl

307 4041 356 4098 184
375 4044 401 4094 et
419 4039 557 4108 sanguinis
576 4041 602 4094 Τ
653 4042 701 4095 185
721 4055 787 4107 quee
807 4038 883 4107 roge]
903 4055 1000 4106 quaero
1016 4039 1044 4094 B
1099 4042 1149 4096 188
1166 4037 1238 4094 uites
1255 4038 1330 4094 obitu
1350 4039 1402 4108 On,

263 4129 320 4182 uite
338 4127 433 4196 (uitem
448 4128 485 4196 Τ)
503 4126 592 4180 subite
603 4127 663 4194 BT,
681 4127 766 4180 uitnm
784 4127 859 4180 niete
876 4127 946 4182 cond
959 4127 1137 4183 Zeetmeister
1190 4129 1240 4184 189
1258 4141 1362 4181 moeror
1380 4127 1406 4182 Τ

264 4218 312 4273 191
336 4234 382 4287 pr.
401 4215 468 4270 mihi
492 4217 542 4282 Tu,
569 4231 611 4268 me
634 4215 688 4270 ΒΟ
768 4216 819 4271 194
845 4213 938 4268 limine
964 4214 992 4269 B
1070 4214 1147 4269 edeet
1171 4215 1222 4284 Tu,
1249 4214 1325 4269 abest
1347 4213 1403 4270 ΒΟ

264 4307 314 4360 198
333 4306 416 4358 mente
435 4303 489 4358 ΒΤ
556 4305 606 4358 201
627 4301 711 4358 isdem
730 4304 761 4371 T,
779 4301 886 4356 hisdem
903 4303 959 4358 ΒΟ
1029 4303 1080 4357 206
1096 4301 1173 4371 piger
1190 4320 1214 4366 u,
1231 4301 1308 4371 piget
1324 4301 1406 4358 Bor

263 4397 376 4459 optunso
397 4392 427 4457 T,
445 4389 539 4443 obtuso
562 4387 622 4444 O'v
674 4388 755 4442 hebet
774 4391 799 4444 T
848 4391 901 4446 208
919 4387 1024 4443 nautis
1044 4390 1070 4444 T
1118 4388 1291 4445 medemini
1310 4390 1337 4444 Τ
