3217 4950
260 424 320 490 132
589 440 615 495 S.
629 438 763 496 Paulini
780 437 901 493 Nolani
920 434 1065 506 episcopi

277 627 337 682 395
361 618 442 700 quis,
464 634 550 702 rege,
572 616 727 681 latronem
748 619 815 680 tam
837 613 946 699 grandi
970 613 1095 697 spiritus
1118 627 1194 676 ausc

359 722 473 806 inpulit
495 721 631 786 armauit
652 720 790 785 caecauit
812 716 1039 803 praecipitauit,

359 831 396 891 nt
418 845 476 892 nec
498 825 537 891 ad
560 823 705 891 excubias
727 824 861 909 uigilum
884 841 942 889 nec
964 823 1004 886 ad
1029 822 1108 904 ipsa,
1139 819 1219 902 quod
1242 821 1290 882 est
1312 817 1394 900 plus,

360 949 440 1014 quae
463 931 583 996 cineres
605 929 776 994 reuereuda
798 931 910 1013 tegunt
932 927 1042 992 altaria
1065 942 1168 990 sacres

359 1036 498 1119 pulueris
522 1038 554 1099 et
576 1035 676 1100 sancti
698 1035 848 1098 uirtutem
870 1033 1008 1097 halantia
1030 1031 1181 1113 fragrant,

277 1150 339 1204 400
363 1141 453 1204 ccrde
476 1157 657 1223 repercusso
678 1140 803 1223 lugeret
825 1156 926 1220 neque
948 1137 1076 1201 numine
1098 1137 1233 1212 tantum,

360 1245 416 1309 sed
438 1245 541 1328 specie
564 1244 659 1309 simul
682 1247 714 1310 00
735 1244 833 1326 pretio
855 1241 1048 1327 praestantia
1069 1239 1187 1305 1000001

361 1349 462 1413 multa
483 1349 600 1414 etenim
622 1348 772 1413 suberant
794 1333 866 1428 alia,
889 1349 923 1411 ul
947 1344 1090 1424 ncuistis,
1113 1343 1145 1408 in
1167 1343 1235 1426 ipsc

362 1456 546 1518 ornamenta
566 1453 635 1518 1000
658 1470 736 1534 quae
759 1455 909 1530 sumeret,
931 1453 967 1514 ut
989 1448 1088 1514 crucis
1114 1464 1187 1512 0000

361 1561 515 1642 0000000ος
538 1557 623 1621 intus
646 1557 730 1622 enim
752 1554 920 1621 latitabant
942 1554 1074 1637 mystica
1096 1569 1173 1617 uasa

278 1670 340 1725 405
363 1661 523 1726 sumendis
546 1661 695 1726 mandate
717 1660 823 1724 000010.
847 1660 903 1724 sed
924 1661 1048 1742 praeter
1071 1661 1102 1722 et
1124 1656 1213 1722 aulae

361 1765 459 1850 ipsius
481 1765 514 1830 in
536 1765 636 1848 spatio
659 1765 753 1829 uariis
777 1764 912 1848 insignia
934 1763 1042 1828 formis

364 1887 494 1934 munere
516 1872 606 1933 crant
629 1869 666 1933 de
688 1885 776 1932 more
798 1869 861 1934 sita
882 1868 969 1948 haec,
993 1884 1072 1949 quae
1095 1865 1219 1930 cernitis
1242 1863 1304 1928 illic

363 1975 450 2039 omui
469 1977 616 2058 prompta
637 1972 686 2038 die
709 1974 760 2038 uel
782 1971 962 2038 circumfixa
982 1990 1038 2055 per
1061 1988 1168 2036 omnes

363 2078 469 2143 0001000
491 2078 632 2142 dimenso
655 2078 746 2162 quasi
767 2076 955 2142 caudelabra
977 2076 1148 2156 columnas,

279 2192 342 2247 410
365 2183 504 2267 depictas
527 2185 667 2247 exstante
688 2185 802 2266 gerunt
824 2197 903 2264 quae
926 2178 1054 2264 cuspide
1077 2195 1174 2258 cerae,

363 2287 484 2352 lumina
505 2289 541 2350 00
561 2286 690 2350 inclusis
712 2286 883 2351 reddantur
906 2284 1001 2350 odora
1021 2283 1154 2368 papyris.

364 2396 399 2456 00
419 2389 521 2456 medic
543 2390 578 2454 in
599 2389 699 2475 spatie
721 2389 774 2454 fixi
795 2388 995 2473 laquearibus
1019 2388 1090 2454 altis

363 2495 542 2579 pendebant
562 2515 618 2578 per
635 2499 720 2572 'eina
741 2497 811 2560 caui
832 2495 1004 2560 retinacula
1026 2493 1140 2577 lychni,

363 2601 417 2682 qni
439 2599 541 2683 specie
565 2600 694 2665 arborea
714 2600 809 2664 lentis
833 2600 921 2681 quasi
943 2599 1027 2664 uitea
1048 2596 1146 2680 uirgis

278 2713 340 2768 410
363 2703 508 2768 bracchia
530 2703 682 2768 iactantes
705 2721 890 2785 summeque
913 2702 1073 2767 cacmnine
1095 2700 1176 2764 rami

363 2809 510 2873 nitreclcs
532 2810 661 2893 gestant
681 2812 845 2890 tamquam
868 2826 924 2872 sua
946 2824 1040 2891 poma
1061 2805 1185 2871 caliclos

363 2916 396 2977 et
418 2912 506 2995 quasi
529 2916 697 2977 cernentes
719 2930 850 2978 accenso
872 2912 990 2977 lumine
1013 2911 1124 2976 flerent

364 3016 521 3098 densaque
544 3016 734 3081 multicomis
756 3017 918 3081 imitantur
941 3016 1042 3081 sidera
1063 3013 1198 3079 dammis

364 3120 601 3205 distinguntquc
622 3138 735 3205 graues
758 3138 925 3185 numerosa
946 3120 1014 3185 luce
1037 3119 1183 3185 tenebras

280 3232 342 3288 420
365 3229 398 3289 et
418 3228 563 3290 tenerum
585 3225 729 3310 igniculis
752 3224 933 3291 florentibus
956 3225 1083 3289 aethera
1104 3224 1248 3308 pingunt,

364 3330 501 3412 dumque
530 3332 669 3395 tremunt
698 3329 832 3412 liquidos
862 3332 962 3394 crines
989 3328 1195 3410 crebrumque
1222 3326 1397 3405 coruscant,

365 3433 503 3499 adsiduis
525 3434 647 3499 lacibus
670 3452 780 3518 sparsa
801 3434 935 3518 caligine
957 3434 1055 3499 nectis

365 3536 547 3622 ambiguam
568 3538 682 3603 faciem
704 3538 840 3604 miscent
861 3539 964 3604 lucem
986 3538 1067 3603 inter
1090 3540 1122 3602 et
1144 3535 1271 3602 umbras

305 3815 356 3870 395
373 3814 484 3883 mandis
500 3816 528 3869 A
589 3817 641 3871 396
658 3815 817 3885 praecitauit
834 3815 873 3871 A¹
938 3818 988 3873 399
1005 3814 1130 3885 pulueres
1147 3815 1192 3871 D²
1253 3812 1352 3869 alantis
1370 3814 1399 3870 A

262 3898 446 3969 flagrantAD
497 3903 548 3957 401
566 3902 651 3972 prelio
670 3920 720 3959 em.
734 3904 809 3959 Mar.
862 3905 915 3958 404
933 3903 1041 3957 mistica
1054 3904 1084 3958 11
1131 3905 1183 3959 408
1200 3904 1353 3973 promptata
1370 3902 1399 3958 A

262 3987 536 4057 4000000041),
556 3988 660 4043 diuerso
679 3990 710 4043 E
776 3992 828 4045 410
847 3992 951 4044 extante
970 3990 1006 4057 Ε,
1024 3993 1112 4045 extare
1129 3991 1188 4045 AD
1250 3992 1299 4046 411
1318 3988 1399 4043 lumi-

262 4100 339 4153 nauu
360 4100 406 4204 gut
424 4101 487 4170 om.)
512 4102 541 4156 A
609 4102 661 4156 412
688 4062 848 4172 010000)
875 4104 904 4159 n
973 4102 1025 4156 ura
1051 4104 1109 4159 An
1182 4105 1233 4159 ua
1260 4101 1342 4157 neum
1370 4102 1402 4157 a

262 4213 314 4268 414
331 4213 404 4267 uitea
422 4212 441 4281 (t
459 4232 493 4269 00.
511 4214 540 4284 2)
556 4215 585 4269 A
654 4216 705 4270 415
724 4214 849 4270 bracchia
866 4216 924 4271 AD
987 4214 1209 4271 4160011110οΕ
1269 4216 1399 4272 4181001-

262 4300 427 4355 00000101)1
480 4300 617 4369 syderald
666 4304 718 4357 419
736 4302 958 4371 distinguuntque
971 4303 1001 4358 D
1052 4304 1101 4358 421
1121 4301 1273 4374 0000001001)
1323 4318 1399 4357 0000-

264 4388 321 4439 scat
338 4402 372 4440 aa·
389 4386 526 4441 0000100000
542 4389 573 4443 D
589 4393 661 4442 m.2
712 4391 764 4443 423
781 4394 809 4442 00
827 4390 897 4443 10000
914 4392 941 4443 00
959 4390 988 4445 D
