<?xml version="1.0" encoding="UTF-8"?>
<!DOCTYPE html PUBLIC "-//W3C//DTD XHTML 1.0 Transitional//EN"
    "http://www.w3.org/TR/xhtml1/DTD/xhtml1-transitional.dtd">
<html xmlns="http://www.w3.org/1999/xhtml" xml:lang="en" lang="en">
 <head>
  <title>
</title>
<meta http-equiv="Content-Type" content="text/html;charset=utf-8" />
  <meta name='ocr-system' content='tesseract 3.04.00' />
  <meta name='ocr-capabilities' content='ocr_page ocr_carea ocr_par ocr_line ocrx_word'/>
</head>
<body>
  <div class='ocr_page' id='page_1' title='image "./corpusscriptoru25wiengoog_0270.png"; bbox 0 0 3217 4950; ppageno 0'>
   <div class='ocr_carea' id='block_1_1' title="bbox 593 442 1069 515">
    <p class='ocr_par' dir='ltr' id='par_1_1' title="bbox 593 442 1069 515">
     <span class='ocr_line' id='line_1_1' title="bbox 593 442 1069 515; baseline 0.006 -19"><span class='ocrx_word' id='word_1_1' title='bbox 593 442 618 496; x_wconf 81' lang='lat' dir='ltr'><strong>S.</strong></span> <span class='ocrx_word' id='word_1_2' title='bbox 632 443 764 498; x_wconf 78' lang='lat' dir='ltr'><strong>Paulini</strong></span> <span class='ocrx_word' id='word_1_3' title='bbox 782 442 904 499; x_wconf 86' lang='lat' dir='ltr'><strong>Nolani</strong></span> <span class='ocrx_word' id='word_1_4' title='bbox 922 444 1069 515; x_wconf 76' lang='lat' dir='ltr'><strong>episcopi</strong></span> 
     </span>
    </p>
   </div>
   <div class='ocr_carea' id='block_1_2' title="bbox 411 618 1339 3928">
    <p class='ocr_par' dir='ltr' id='par_1_2' title="bbox 411 618 1339 3928">
     <span class='ocr_line' id='line_1_2' title="bbox 518 618 1327 703; baseline 0.006 -21"><span class='ocrx_word' id='word_1_5' title='bbox 518 636 615 702; x_wconf 85' lang='lat' dir='ltr'><strong>paruo</strong></span> <span class='ocrx_word' id='word_1_6' title='bbox 637 638 693 703; x_wconf 93' lang='lat' dir='ltr'><strong>per</strong></span> <span class='ocrx_word' id='word_1_7' title='bbox 715 620 776 684; x_wconf 89' lang='lat' dir='ltr'><strong>iter</strong></span> <span class='ocrx_word' id='word_1_8' title='bbox 798 618 895 684; x_wconf 91' lang='lat' dir='ltr'><strong>breue</strong></span> <span class='ocrx_word' id='word_1_9' title='bbox 919 638 990 686; x_wconf 88' lang='lat' dir='ltr'><strong>aere</strong></span> <span class='ocrx_word' id='word_1_10' title='bbox 1012 621 1202 687; x_wconf 90' lang='lat' dir='ltr'><strong>conductum</strong></span> <span class='ocrx_word' id='word_1_11' title='bbox 1226 623 1327 699; x_wconf 88' lang='lat' dir='ltr'><strong>sedet;</strong></span> 
     </span>
     <span class='ocr_line' id='line_1_3' title="bbox 570 723 1047 808; baseline 0.004 -21"><span class='ocrx_word' id='word_1_12' title='bbox 570 723 735 806; x_wconf 87' lang='lat' dir='ltr'><strong>medioque</strong></span> <span class='ocrx_word' id='word_1_13' title='bbox 758 742 830 790; x_wconf 84' lang='lat' dir='ltr'><strong>mcx</strong></span> <span class='ocrx_word' id='word_1_14' title='bbox 853 726 954 808; x_wconf 80' lang='lat' dir='ltr'><strong>spatio</strong></span> <span class='ocrx_word' id='word_1_15' title='bbox 977 726 1047 790; x_wconf 88' lang='lat' dir='ltr'><strong>uiae</strong></span> 
     </span>
     <span class='ocr_line' id='line_1_4' title="bbox 519 828 1164 914; baseline 0.005 -22"><span class='ocrx_word' id='word_1_16' title='bbox 519 828 598 893; x_wconf 89' lang='lat' dir='ltr'><strong>muli</strong></span> <span class='ocrx_word' id='word_1_17' title='bbox 618 846 736 912; x_wconf 88' lang='lat' dir='ltr'><strong>pauore</strong></span> <span class='ocrx_word' id='word_1_18' title='bbox 758 847 861 894; x_wconf 77' lang='lat' dir='ltr'>sessor</span> <span class='ocrx_word' id='word_1_19' title='bbox 885 848 1033 895; x_wconf 82' lang='lat' dir='ltr'><strong>excussus</strong></span> <span class='ocrx_word' id='word_1_20' title='bbox 1056 831 1164 914; x_wconf 88' lang='lat' dir='ltr'><strong>procul</strong></span> 
     </span>
     <span class='ocr_line' id='line_1_5' title="bbox 414 932 991 999; baseline 0.009 -5"><span class='ocrx_word' id='word_1_21' title='bbox 414 940 476 995; x_wconf 85' lang='lat'><strong>410</strong></span> <span class='ocrx_word' id='word_1_22' title='bbox 573 936 697 998; x_wconf 89' lang='lat' dir='ltr'><strong>uectore</strong></span> <span class='ocrx_word' id='word_1_23' title='bbox 720 932 873 999; x_wconf 86' lang='lat' dir='ltr'><strong>subducto</strong></span> <span class='ocrx_word' id='word_1_24' title='bbox 898 934 991 999; x_wconf 86' lang='lat' dir='ltr'><strong>cedit.</strong></span> 
     </span>
     <span class='ocr_line' id='line_1_6' title="bbox 518 1037 1130 1121; baseline 0.005 -20"><span class='ocrx_word' id='word_1_25' title='bbox 518 1037 551 1101; x_wconf 93' lang='lat' dir='ltr'><strong>in</strong></span> <span class='ocrx_word' id='word_1_26' title='bbox 575 1055 629 1102; x_wconf 86' lang='lat' dir='ltr'><strong>ora</strong></span> <span class='ocrx_word' id='word_1_27' title='bbox 650 1038 758 1120; x_wconf 85' lang='lat' dir='ltr'><strong>lapsus</strong></span> <span class='ocrx_word' id='word_1_28' title='bbox 782 1056 837 1103; x_wconf 85' lang='lat' dir='ltr'><strong>cre</strong></span> <span class='ocrx_word' id='word_1_29' title='bbox 859 1057 922 1105; x_wconf 91' lang='lat' dir='ltr'><strong>non</strong></span> <span class='ocrx_word' id='word_1_30' title='bbox 944 1039 1041 1104; x_wconf 87' lang='lat' dir='ltr'><strong>laedit</strong></span> <span class='ocrx_word' id='word_1_31' title='bbox 1063 1056 1130 1121; x_wconf 85' lang='lat' dir='ltr'><strong>sue,</strong></span> 
     </span>
     <span class='ocr_line' id='line_1_7' title="bbox 571 1142 994 1225; baseline 0.009 -20"><span class='ocrx_word' id='word_1_32' title='bbox 571 1142 602 1205; x_wconf 93' lang='lat' dir='ltr'><strong>in</strong></span> <span class='ocrx_word' id='word_1_33' title='bbox 627 1160 701 1207; x_wconf 85' lang='lat' dir='ltr'><strong>sare</strong></span> <span class='ocrx_word' id='word_1_34' title='bbox 722 1143 811 1208; x_wconf 83' lang='lat' dir='ltr'><strong>fusus</strong></span> <span class='ocrx_word' id='word_1_35' title='bbox 835 1147 867 1208; x_wconf 89' lang='lat' dir='ltr'><strong>et</strong></span> <span class='ocrx_word' id='word_1_36' title='bbox 889 1143 994 1225; x_wconf 90' lang='lat' dir='ltr'><strong>rubos,</strong></span> 
     </span>
     <span class='ocr_line' id='line_1_8' title="bbox 519 1248 1327 1333; baseline 0.005 -22"><span class='ocrx_word' id='word_1_37' title='bbox 519 1265 578 1311; x_wconf 91' lang='lat' dir='ltr'><strong>nec</strong></span> <span class='ocrx_word' id='word_1_38' title='bbox 600 1251 689 1312; x_wconf 90' lang='lat' dir='ltr'><strong>sente</strong></span> <span class='ocrx_word' id='word_1_39' title='bbox 711 1249 837 1313; x_wconf 85' lang='lat' dir='ltr'><strong>uultum</strong></span> <span class='ocrx_word' id='word_1_40' title='bbox 861 1268 918 1313; x_wconf 92' lang='lat' dir='ltr'><strong>nec</strong></span> <span class='ocrx_word' id='word_1_41' title='bbox 941 1248 1044 1333; x_wconf 87' lang='lat' dir='ltr'><strong>lapide</strong></span> <span class='ocrx_word' id='word_1_42' title='bbox 1067 1253 1153 1315; x_wconf 81' lang='lat' dir='ltr'><strong>artus</strong></span> <span class='ocrx_word' id='word_1_43' title='bbox 1176 1249 1327 1331; x_wconf 87' lang='lat' dir='ltr'><strong>contudit,</strong></span> 
     </span>
     <span class='ocr_line' id='line_1_9' title="bbox 571 1351 990 1437; baseline 0.005 -22"><span class='ocrx_word' id='word_1_44' title='bbox 571 1351 684 1417; x_wconf 84' lang='lat' dir='ltr'><strong>Felicis</strong></span> <span class='ocrx_word' id='word_1_45' title='bbox 708 1356 856 1437; x_wconf 81' lang='lat' dir='ltr'><strong>exceptus</strong></span> <span class='ocrx_word' id='word_1_46' title='bbox 879 1372 990 1429; x_wconf 87' lang='lat' dir='ltr'><strong>manu;</strong></span> 
     </span>
     <span class='ocr_line' id='line_1_10' title="bbox 413 1457 1339 1540; baseline 0.008 -22"><span class='ocrx_word' id='word_1_47' title='bbox 413 1464 476 1518; x_wconf 77' lang='lat'><strong>416</strong></span> <span class='ocrx_word' id='word_1_48' title='bbox 522 1458 573 1538; x_wconf 89' lang='lat' dir='ltr'><strong>qui</strong></span> <span class='ocrx_word' id='word_1_49' title='bbox 596 1457 659 1521; x_wconf 84' lang='lat' dir='ltr'><strong>iam</strong></span> <span class='ocrx_word' id='word_1_50' title='bbox 681 1458 946 1540; x_wconf 81' lang='lat' dir='ltr'><strong>propinquantem</strong></span> <span class='ocrx_word' id='word_1_51' title='bbox 969 1459 1098 1525; x_wconf 85' lang='lat' dir='ltr'><strong>aedibus</strong></span> <span class='ocrx_word' id='word_1_52' title='bbox 1121 1460 1251 1525; x_wconf 83' lang='lat' dir='ltr'><strong>fratrem</strong></span> <span class='ocrx_word' id='word_1_53' title='bbox 1273 1462 1339 1525; x_wconf 90' lang='lat' dir='ltr'><strong>suis</strong></span> 
     </span>
     <span class='ocr_line' id='line_1_11' title="bbox 571 1564 1023 1645; baseline 0.007 -20"><span class='ocrx_word' id='word_1_54' title='bbox 571 1579 634 1626; x_wconf 92' lang='lat' dir='ltr'><strong>non</strong></span> <span class='ocrx_word' id='word_1_55' title='bbox 656 1579 770 1645; x_wconf 85' lang='lat' dir='ltr'><strong>passus</strong></span> <span class='ocrx_word' id='word_1_56' title='bbox 792 1581 923 1629; x_wconf 89' lang='lat' dir='ltr'><strong>occursu</strong></span> <span class='ocrx_word' id='word_1_57' title='bbox 948 1564 1023 1628; x_wconf 83' lang='lat' dir='ltr'><strong>maii</strong></span> 
     </span>
     <span class='ocr_line' id='line_1_12' title="bbox 520 1666 1138 1751; baseline 0.005 -21"><span class='ocrx_word' id='word_1_58' title='bbox 520 1666 583 1730; x_wconf 92' lang='lat' dir='ltr'><strong>suis</strong></span> <span class='ocrx_word' id='word_1_59' title='bbox 605 1667 758 1749; x_wconf 89' lang='lat' dir='ltr'><strong>periclum</strong></span> <span class='ocrx_word' id='word_1_60' title='bbox 780 1668 813 1732; x_wconf 91' lang='lat' dir='ltr'><strong>in</strong></span> <span class='ocrx_word' id='word_1_61' title='bbox 836 1666 952 1733; x_wconf 89' lang='lat' dir='ltr'><strong>finibus</strong></span> <span class='ocrx_word' id='word_1_62' title='bbox 975 1686 1138 1751; x_wconf 79' lang='lat' dir='ltr'><strong>capessere</strong></span> 
     </span>
     <span class='ocr_line' id='line_1_13' title="bbox 570 1771 1026 1853; baseline 0.004 -19"><span class='ocrx_word' id='word_1_63' title='bbox 570 1771 696 1835; x_wconf 82' lang='lat' dir='ltr'><strong>hostem</strong></span> <span class='ocrx_word' id='word_1_64' title='bbox 717 1772 853 1837; x_wconf 89' lang='lat' dir='ltr'><strong>remouit</strong></span> <span class='ocrx_word' id='word_1_65' title='bbox 874 1772 1026 1853; x_wconf 88' lang='lat' dir='ltr'><strong>inuidum,</strong></span> 
     </span>
     <span class='ocr_line' id='line_1_14' title="bbox 520 1875 1144 1960; baseline 0.005 -21"><span class='ocrx_word' id='word_1_66' title='bbox 520 1876 553 1939; x_wconf 90' lang='lat' dir='ltr'><strong>et</strong></span> <span class='ocrx_word' id='word_1_67' title='bbox 574 1875 659 1939; x_wconf 91' lang='lat' dir='ltr'><strong>huno</strong></span> <span class='ocrx_word' id='word_1_68' title='bbox 681 1875 782 1940; x_wconf 89' lang='lat' dir='ltr'><strong>fidelis</strong></span> <span class='ocrx_word' id='word_1_69' title='bbox 804 1880 969 1960; x_wconf 78' lang='lat' dir='ltr'><strong>conpotem</strong></span> <span class='ocrx_word' id='word_1_70' title='bbox 992 1877 1057 1943; x_wconf 91' lang='lat' dir='ltr'><strong>uoti</strong></span> <span class='ocrx_word' id='word_1_71' title='bbox 1080 1878 1144 1942; x_wconf 91' lang='lat' dir='ltr'><strong>suis</strong></span> 
     </span>
     <span class='ocr_line' id='line_1_15' title="bbox 414 1979 976 2046; baseline 0.007 -5"><span class='ocrx_word' id='word_1_72' title='bbox 414 1987 477 2043; x_wconf 81' lang='lat'><strong>420</strong></span> <span class='ocrx_word' id='word_1_73' title='bbox 574 1979 733 2044; x_wconf 73' lang='lat' dir='ltr'><strong>confessor</strong></span> <span class='ocrx_word' id='word_1_74' title='bbox 755 1980 878 2045; x_wconf 84' lang='lat' dir='ltr'><strong>induxit</strong></span> <span class='ocrx_word' id='word_1_75' title='bbox 900 1982 976 2046; x_wconf 90' lang='lat' dir='ltr'><strong>locis</strong></span> 
     </span>
     <span class='ocr_line' id='line_1_16' title="bbox 519 2084 1233 2170; baseline 0.008 -23"><span class='ocrx_word' id='word_1_76' title='bbox 519 2084 696 2166; x_wconf 87' lang='lat' dir='ltr'><strong>nostrisque</strong></span> <span class='ocrx_word' id='word_1_77' title='bbox 719 2084 806 2149; x_wconf 82' lang='lat' dir='ltr'><strong>iuxta</strong></span> <span class='ocrx_word' id='word_1_78' title='bbox 828 2086 954 2151; x_wconf 86' lang='lat' dir='ltr'><strong>sedibus</strong></span> <span class='ocrx_word' id='word_1_79' title='bbox 976 2090 1104 2170; x_wconf 79' lang='lat' dir='ltr'><strong>gratum</strong></span> <span class='ocrx_word' id='word_1_80' title='bbox 1126 2087 1233 2153; x_wconf 81' lang='lat' dir='ltr'><strong>intulit</strong></span> 
     </span>
     <span class='ocr_line' id='line_1_17' title="bbox 570 2188 1017 2273; baseline 0.009 -22"><span class='ocrx_word' id='word_1_81' title='bbox 570 2188 656 2252; x_wconf 80' lang='lat' dir='ltr'><strong>Felix</strong></span> <span class='ocrx_word' id='word_1_82' title='bbox 678 2193 829 2270; x_wconf 88' lang='lat' dir='ltr'><strong>patronus</strong></span> <span class='ocrx_word' id='word_1_83' title='bbox 852 2189 1017 2273; x_wconf 91' lang='lat' dir='ltr'><strong>hospitem.</strong></span> 
     </span>
     <span class='ocr_line' id='line_1_18' title="bbox 518 2292 1271 2378; baseline 0.008 -22"><span class='ocrx_word' id='word_1_84' title='bbox 518 2292 654 2377; x_wconf 87' lang='lat' dir='ltr'><strong>petriam</strong></span> <span class='ocrx_word' id='word_1_85' title='bbox 675 2294 727 2358; x_wconf 91' lang='lat' dir='ltr'><strong>hic</strong></span> <span class='ocrx_word' id='word_1_86' title='bbox 748 2296 877 2378; x_wconf 82' lang='lat' dir='ltr'><strong>rogatus</strong></span> <span class='ocrx_word' id='word_1_87' title='bbox 900 2295 1029 2376; x_wconf 84' lang='lat' dir='ltr'><strong>iudicet,</strong></span> <span class='ocrx_word' id='word_1_88' title='bbox 1053 2314 1143 2361; x_wconf 85' lang='lat' dir='ltr'><strong>casus</strong></span> <span class='ocrx_word' id='word_1_89' title='bbox 1166 2297 1271 2377; x_wconf 85' lang='lat' dir='ltr'><strong>refert,</strong></span> 
     </span>
     <span class='ocr_line' id='line_1_19' title="bbox 569 2397 933 2464; baseline 0.005 -3"><span class='ocrx_word' id='word_1_90' title='bbox 569 2398 608 2461; x_wconf 86' lang='lat' dir='ltr'><strong>de</strong></span> <span class='ocrx_word' id='word_1_91' title='bbox 628 2400 661 2463; x_wconf 86' lang='lat' dir='ltr'><strong>ta</strong></span> <span class='ocrx_word' id='word_1_92' title='bbox 683 2397 778 2463; x_wconf 83' lang='lat' dir='ltr'><strong>beata</strong></span> <span class='ocrx_word' id='word_1_93' title='bbox 798 2398 933 2464; x_wconf 85' lang='lat' dir='ltr'><strong>nuntiet.</strong></span> 
     </span>
     <span class='ocr_line' id='line_1_20' title="bbox 411 2502 1275 2592; baseline 0.008 -27"><span class='ocrx_word' id='word_1_94' title='bbox 411 2511 472 2565; x_wconf 81' lang='grc'><strong>425</strong></span> <span class='ocrx_word' id='word_1_95' title='bbox 517 2502 718 2586; x_wconf 82' lang='lat' dir='ltr'><strong>referensque</strong></span> <span class='ocrx_word' id='word_1_96' title='bbox 740 2521 857 2588; x_wconf 86' lang='lat' dir='ltr'><strong>paucos</strong></span> <span class='ocrx_word' id='word_1_97' title='bbox 880 2505 918 2569; x_wconf 89' lang='lat' dir='ltr'><strong>de</strong></span> <span class='ocrx_word' id='word_1_98' title='bbox 942 2506 1005 2570; x_wconf 88' lang='lat' dir='ltr'><strong>tuis</strong></span> <span class='ocrx_word' id='word_1_99' title='bbox 1029 2506 1152 2591; x_wconf 86' lang='lat' dir='ltr'><strong>scriptis</strong></span> <span class='ocrx_word' id='word_1_100' title='bbox 1175 2507 1275 2592; x_wconf 86' lang='lat' dir='ltr'><strong>logos,</strong></span> 
     </span>
     <span class='ocr_line' id='line_1_21' title="bbox 569 2608 1088 2694; baseline 0.008 -23"><span class='ocrx_word' id='word_1_101' title='bbox 569 2608 660 2691; x_wconf 85' lang='lat' dir='ltr'><strong>qussi</strong></span> <span class='ocrx_word' id='word_1_102' title='bbox 680 2608 770 2673; x_wconf 84' lang='lat' dir='ltr'><strong>lubra</strong></span> <span class='ocrx_word' id='word_1_103' title='bbox 792 2608 886 2674; x_wconf 87' lang='lat' dir='ltr'><strong>melle</strong></span> <span class='ocrx_word' id='word_1_104' title='bbox 910 2611 1088 2694; x_wconf 82' lang='lat' dir='ltr'><strong>asperserit,</strong></span> 
     </span>
     <span class='ocr_line' id='line_1_22' title="bbox 518 2711 1196 2799; baseline 0.006 -24"><span class='ocrx_word' id='word_1_105' title='bbox 518 2712 562 2775; x_wconf 91' lang='lat' dir='ltr'><strong>sic</strong></span> <span class='ocrx_word' id='word_1_106' title='bbox 584 2711 790 2777; x_wconf 80' lang='lat' dir='ltr'><strong>defunctum</strong></span> <span class='ocrx_word' id='word_1_107' title='bbox 813 2711 891 2778; x_wconf 90' lang='lat' dir='ltr'><strong>mihi</strong></span> <span class='ocrx_word' id='word_1_108' title='bbox 913 2716 1038 2778; x_wconf 89' lang='lat' dir='ltr'><strong>tuorum</strong></span> <span class='ocrx_word' id='word_1_109' title='bbox 1062 2715 1196 2799; x_wconf 86' lang='lat' dir='ltr'><strong>guttulis</strong></span> 
     </span>
     <span class='ocr_line' id='line_1_23' title="bbox 570 2815 1105 2902; baseline 0.006 -22"><span class='ocrx_word' id='word_1_110' title='bbox 570 2815 787 2882; x_wconf 90' lang='lat' dir='ltr'><strong>dulcissimum</strong></span> <span class='ocrx_word' id='word_1_111' title='bbox 809 2821 938 2902; x_wconf 84' lang='lat' dir='ltr'><strong>gustum</strong></span> <span class='ocrx_word' id='word_1_112' title='bbox 962 2817 1105 2900; x_wconf 82' lang='lat' dir='ltr'><strong>offerens,</strong></span> 
     </span>
     <span class='ocr_line' id='line_1_24' title="bbox 518 2922 1180 3005; baseline 0.005 -20"><span class='ocrx_word' id='word_1_113' title='bbox 518 2922 619 3004; x_wconf 81' lang='lat' dir='ltr'><strong>magis</strong></span> <span class='ocrx_word' id='word_1_114' title='bbox 643 2922 746 3005; x_wconf 83' lang='lat' dir='ltr'><strong>coegit</strong></span> <span class='ocrx_word' id='word_1_115' title='bbox 768 2940 846 3005; x_wconf 88' lang='lat' dir='ltr'><strong>quas</strong></span> <span class='ocrx_word' id='word_1_116' title='bbox 870 2924 975 2987; x_wconf 87' lang='lat' dir='ltr'><strong>aucnti</strong></span> <span class='ocrx_word' id='word_1_117' title='bbox 998 2941 1061 2989; x_wconf 93' lang='lat' dir='ltr'><strong>non</strong></span> <span class='ocrx_word' id='word_1_118' title='bbox 1084 2923 1180 2989; x_wconf 83' lang='lat' dir='ltr'><strong>dabat</strong></span> 
     </span>
     <span class='ocr_line' id='line_1_25' title="bbox 412 3025 896 3103; baseline 0.004 -14"><span class='ocrx_word' id='word_1_119' title='bbox 412 3033 474 3089; x_wconf 82' lang='lat'><strong>430</strong></span> <span class='ocrx_word' id='word_1_120' title='bbox 571 3025 739 3091; x_wconf 86' lang='lat' dir='ltr'><strong>desiderari</strong></span> <span class='ocrx_word' id='word_1_121' title='bbox 761 3026 896 3103; x_wconf 69' lang='lat' dir='ltr'><strong>litterum</strong></span> 
     </span>
     <span class='ocr_line' id='line_1_26' title="bbox 518 3130 1229 3214; baseline 0.007 -21"><span class='ocrx_word' id='word_1_122' title='bbox 518 3130 573 3194; x_wconf 88' lang='lat' dir='ltr'><strong>sed</strong></span> <span class='ocrx_word' id='word_1_123' title='bbox 595 3149 668 3194; x_wconf 88' lang='lat' dir='ltr'><strong>curn</strong></span> <span class='ocrx_word' id='word_1_124' title='bbox 690 3131 757 3213; x_wconf 90' lang='lat' dir='ltr'><strong>ipse</strong></span> <span class='ocrx_word' id='word_1_125' title='bbox 779 3149 876 3196; x_wconf 86' lang='lat' dir='ltr'><strong>cansa</strong></span> <span class='ocrx_word' id='word_1_126' title='bbox 897 3131 1072 3196; x_wconf 88' lang='lat' dir='ltr'><strong>litterarum</strong></span> <span class='ocrx_word' id='word_1_127' title='bbox 1095 3135 1229 3214; x_wconf 85' lang='lat' dir='ltr'><strong>uenerit,</strong></span> 
     </span>
     <span class='ocr_line' id='line_1_27' title="bbox 570 3236 940 3318; baseline 0.008 -20"><span class='ocrx_word' id='word_1_128' title='bbox 570 3239 603 3298; x_wconf 90' lang='lat' dir='ltr'><strong>et</strong></span> <span class='ocrx_word' id='word_1_129' title='bbox 624 3236 746 3300; x_wconf 80' lang='lat' dir='ltr'><strong>litteras</strong></span> <span class='ocrx_word' id='word_1_130' title='bbox 768 3236 834 3300; x_wconf 89' lang='lat' dir='ltr'><strong>uidi</strong></span> <span class='ocrx_word' id='word_1_131' title='bbox 858 3241 940 3318; x_wconf 87' lang='lat' dir='ltr'><strong>tuas,</strong></span> 
     </span>
     <span class='ocr_line' id='line_1_28' title="bbox 517 3341 1227 3408; baseline 0.004 -4"><span class='ocrx_word' id='word_1_132' title='bbox 517 3358 579 3404; x_wconf 92' lang='lat' dir='ltr'><strong>uon</strong></span> <span class='ocrx_word' id='word_1_133' title='bbox 603 3343 779 3405; x_wconf 86' lang='lat' dir='ltr'><strong>atramento</strong></span> <span class='ocrx_word' id='word_1_134' title='bbox 802 3341 916 3405; x_wconf 84' lang='lat' dir='ltr'><strong>calami</strong></span> <span class='ocrx_word' id='word_1_135' title='bbox 938 3341 993 3405; x_wconf 89' lang='lat' dir='ltr'><strong>sed</strong></span> <span class='ocrx_word' id='word_1_136' title='bbox 1016 3343 1131 3406; x_wconf 85' lang='lat' dir='ltr'><strong>mentis</strong></span> <span class='ocrx_word' id='word_1_137' title='bbox 1154 3341 1227 3408; x_wconf 85' lang='lat' dir='ltr'><strong>stilo</strong></span> 
     </span>
     <span class='ocr_line' id='line_1_29' title="bbox 570 3445 1066 3529; baseline 0 -20"><span class='ocrx_word' id='word_1_138' title='bbox 570 3445 602 3510; x_wconf 90' lang='lat' dir='ltr'><strong>in</strong></span> <span class='ocrx_word' id='word_1_139' title='bbox 624 3445 722 3510; x_wconf 85' lang='lat' dir='ltr'><strong>fratre</strong></span> <span class='ocrx_word' id='word_1_140' title='bbox 744 3445 952 3529; x_wconf 83' lang='lat' dir='ltr'><strong>praescriptos</strong></span> <span class='ocrx_word' id='word_1_141' title='bbox 974 3445 1066 3511; x_wconf 89' lang='lat' dir='ltr'><strong>bono.</strong></span> 
     </span>
     <span class='ocr_line' id='line_1_30' title="bbox 412 3551 1151 3634; baseline 0.005 -22"><span class='ocrx_word' id='word_1_142' title='bbox 412 3558 473 3616; x_wconf 80' lang='lat'><strong>435</strong></span> <span class='ocrx_word' id='word_1_143' title='bbox 519 3551 644 3634; x_wconf 83' lang='lat' dir='ltr'><strong>ignotus</strong></span> <span class='ocrx_word' id='word_1_144' title='bbox 667 3554 740 3616; x_wconf 85' lang='lat' dir='ltr'><strong>autc</strong></span> <span class='ocrx_word' id='word_1_145' title='bbox 765 3568 835 3614; x_wconf 84' lang='lat' dir='ltr'><strong>mox</strong></span> <span class='ocrx_word' id='word_1_146' title='bbox 858 3554 893 3614; x_wconf 89' lang='lat' dir='ltr'><strong>ut</strong></span> <span class='ocrx_word' id='word_1_147' title='bbox 916 3569 985 3616; x_wconf 88' lang='lat' dir='ltr'><strong>esse</strong></span> <span class='ocrx_word' id='word_1_148' title='bbox 1008 3551 1151 3634; x_wconf 84' lang='lat' dir='ltr'><strong>cognitus</strong></span> 
     </span>
     <span class='ocr_line' id='line_1_31' title="bbox 569 3655 1003 3738; baseline -0.002 -18"><span class='ocrx_word' id='word_1_149' title='bbox 569 3656 679 3738; x_wconf 90' lang='lat' dir='ltr'><strong>coepit,</strong></span> <span class='ocrx_word' id='word_1_150' title='bbox 701 3655 738 3720; x_wconf 89' lang='lat' dir='ltr'><strong>fit</strong></span> <span class='ocrx_word' id='word_1_151' title='bbox 760 3658 792 3720; x_wconf 90' lang='lat' dir='ltr'><strong>et</strong></span> <span class='ocrx_word' id='word_1_152' title='bbox 814 3655 1003 3720; x_wconf 87' lang='lat' dir='ltr'><strong>carissimus.</strong></span> 
     </span>
     <span class='ocr_line' id='line_1_32' title="bbox 518 3759 1055 3843; baseline 0 -20"><span class='ocrx_word' id='word_1_153' title='bbox 518 3759 664 3824; x_wconf 86' lang='lat' dir='ltr'><strong>abintus</strong></span> <span class='ocrx_word' id='word_1_154' title='bbox 688 3761 753 3824; x_wconf 89' lang='lat' dir='ltr'><strong>eius</strong></span> <span class='ocrx_word' id='word_1_155' title='bbox 776 3760 933 3825; x_wconf 83' lang='lat' dir='ltr'><strong>emicabat</strong></span> <span class='ocrx_word' id='word_1_156' title='bbox 953 3759 1055 3843; x_wconf 84' lang='lat' dir='ltr'><strong>gratia</strong></span> 
     </span>
     <span class='ocr_line' id='line_1_33' title="bbox 569 3864 992 3928; baseline 0 0"><span class='ocrx_word' id='word_1_157' title='bbox 569 3882 712 3928; x_wconf 90' lang='lat' dir='ltr'><strong>sermone</strong></span> <span class='ocrx_word' id='word_1_158' title='bbox 735 3864 850 3928; x_wconf 87' lang='lat' dir='ltr'><strong>mentis</strong></span> <span class='ocrx_word' id='word_1_159' title='bbox 873 3865 992 3928; x_wconf 89' lang='lat' dir='ltr'><strong>nuntio.</strong></span> 
     </span>
    </p>
   </div>
   <div class='ocr_carea' id='block_1_3' title="bbox 257 4141 1401 4475">
    <p class='ocr_par' dir='ltr' id='par_1_3' title="bbox 257 4141 1401 4475">
     <span class='ocr_line' id='line_1_34' title="bbox 301 4141 1401 4214; baseline 0.003 -17"><span class='ocrx_word' id='word_1_160' title='bbox 301 4146 351 4199; x_wconf 85' lang='grc'><strong>402</strong></span> <span class='ocrx_word' id='word_1_161' title='bbox 374 4158 422 4213; x_wconf 88' lang='lat' dir='ltr'><strong>per</strong></span> <span class='ocrx_word' id='word_1_162' title='bbox 442 4143 494 4197; x_wconf 80' lang='lat' dir='ltr'><strong>iter</strong></span> <span class='ocrx_word' id='word_1_163' title='bbox 515 4143 597 4198; x_wconf 88' lang='lat' dir='ltr'><strong>breue</strong></span> <span class='ocrx_word' id='word_1_164' title='bbox 619 4159 678 4197; x_wconf 87' lang='lat' dir='ltr'><strong>aere</strong></span> <span class='ocrx_word' id='word_1_165' title='bbox 699 4145 807 4213; x_wconf 71' lang='lat' dir='ltr'><strong>scripsi,</strong></span> <span class='ocrx_word' id='word_1_166' title='bbox 829 4142 910 4198; x_wconf 88' lang='lat' dir='ltr'><strong>breue</strong></span> <span class='ocrx_word' id='word_1_167' title='bbox 932 4159 980 4214; x_wconf 91' lang='lat' dir='ltr'><strong>per</strong></span> <span class='ocrx_word' id='word_1_168' title='bbox 997 4144 1048 4198; x_wconf 82' lang='lat' dir='ltr'><strong>iter</strong></span> <span class='ocrx_word' id='word_1_169' title='bbox 1066 4144 1176 4213; x_wconf 83' lang='lat' dir='ltr'><strong>(pariter</strong></span> <span class='ocrx_word' id='word_1_170' title='bbox 1192 4141 1230 4212; x_wconf 89' lang='grc' dir='ltr'><strong>Β)</strong></span> <span class='ocrx_word' id='word_1_171' title='bbox 1247 4159 1306 4196; x_wconf 82' lang='lat' dir='ltr'><strong>aare</strong></span> <span class='ocrx_word' id='word_1_172' title='bbox 1323 4144 1401 4200; x_wconf 85' lang='lat' dir='ltr'><strong>BOo</strong></span> 
     </span>
     <span class='ocr_line' id='line_1_35' title="bbox 257 4229 1400 4299; baseline 0 -13"><span class='ocrx_word' id='word_1_173' title='bbox 257 4230 508 4299; x_wconf 65' lang='lat' dir='ltr'><strong>quamcumquae</strong></span> <span class='ocrx_word' id='word_1_174' title='bbox 535 4233 558 4288; x_wconf 92' lang='lat'><em>0</em></span> <span class='ocrx_word' id='word_1_175' title='bbox 621 4233 673 4286; x_wconf 81' lang='lat'><strong>413</strong></span> <span class='ocrx_word' id='word_1_176' title='bbox 695 4231 810 4285; x_wconf 83' lang='lat' dir='ltr'><strong>contulit</strong></span> <span class='ocrx_word' id='word_1_177' title='bbox 833 4233 859 4286; x_wconf 89' lang='lat' dir='ltr'><em>B</em></span> <span class='ocrx_word' id='word_1_178' title='bbox 929 4233 980 4286; x_wconf 86' lang='grc'><strong>416</strong></span> <span class='ocrx_word' id='word_1_179' title='bbox 998 4247 1094 4285; x_wconf 90' lang='lat' dir='ltr'><strong>ooursu</strong></span> <span class='ocrx_word' id='word_1_180' title='bbox 1112 4231 1140 4286; x_wconf 92' lang='grc' dir='ltr'><strong><em>Β</em></strong></span> <span class='ocrx_word' id='word_1_181' title='bbox 1209 4232 1260 4286; x_wconf 84' lang='grc'><strong>419</strong></span> <span class='ocrx_word' id='word_1_182' title='bbox 1280 4229 1352 4284; x_wconf 84' lang='lat' dir='ltr'><strong>uotis</strong></span> <span class='ocrx_word' id='word_1_183' title='bbox 1370 4233 1400 4286; x_wconf 98' lang='grc' dir='ltr'><strong><em>Β</em></strong></span> 
     </span>
     <span class='ocr_line' id='line_1_36' title="bbox 258 4316 1400 4386; baseline 0 -13"><span class='ocrx_word' id='word_1_184' title='bbox 258 4317 675 4374; x_wconf 53' lang='lat' dir='ltr'><strong>maioraquemaioraque</strong></span> <span class='ocrx_word' id='word_1_185' title='bbox 750 4316 1030 4386; x_wconf 80' lang='lat' dir='ltr'><strong>4261abrso,libra</strong></span> <span class='ocrx_word' id='word_1_186' title='bbox 1046 4318 1102 4374; x_wconf 90' lang='grc' dir='ltr'><strong>ΒΟ</strong></span> <span class='ocrx_word' id='word_1_187' title='bbox 1180 4319 1230 4372; x_wconf 81' lang='grc'><strong>422</strong></span> <span class='ocrx_word' id='word_1_188' title='bbox 1250 4316 1351 4386; x_wconf 75' lang='lat' dir='ltr'><strong>gerulis</strong></span> <span class='ocrx_word' id='word_1_189' title='bbox 1370 4319 1400 4373; x_wconf 92' lang='lat' dir='ltr'><em>B</em></span> 
     </span>
     <span class='ocr_line' id='line_1_37' title="bbox 257 4403 991 4475; baseline 0.004 -17"><span class='ocrx_word' id='word_1_190' title='bbox 257 4406 308 4460; x_wconf 86' lang='grc'><strong>429</strong></span> <span class='ocrx_word' id='word_1_191' title='bbox 326 4403 416 4460; x_wconf 83' lang='lat' dir='ltr'><strong>suenti</strong></span> <span class='ocrx_word' id='word_1_192' title='bbox 434 4404 534 4475; x_wconf 66' lang='lat' dir='ltr'><strong>Boreo„</strong></span> <span class='ocrx_word' id='word_1_193' title='bbox 551 4404 662 4460; x_wconf 83' lang='lat' dir='ltr'><strong>habenti</strong></span> <span class='ocrx_word' id='word_1_194' title='bbox 679 4404 755 4461; x_wconf 88' lang='lat' dir='ltr'><strong>BOu</strong></span> <span class='ocrx_word' id='word_1_195' title='bbox 807 4407 859 4462; x_wconf 78' lang='lat'><strong>432</strong></span> <span class='ocrx_word' id='word_1_196' title='bbox 877 4404 947 4460; x_wconf 89' lang='lat' dir='ltr'><strong>uidit</strong></span> <span class='ocrx_word' id='word_1_197' title='bbox 963 4406 991 4461; x_wconf 94' lang='lat' dir='ltr'><em>B</em></span> 
     </span>
    </p>
   </div>
   <div class='ocr_carea' id='block_1_4' title="bbox 0 0 1625 4948">
    <p class='ocr_par' dir='ltr' id='par_1_4' title="bbox 0 0 1625 4948">
     <span class='ocr_line' id='line_1_38' title="bbox 0 0 1625 4948; baseline 0 0"><span class='ocrx_word' id='word_1_198' title='bbox 0 0 1625 4948; x_wconf 95' lang='lat' dir='ltr'><strong> </strong></span> 
     </span>
    </p>
   </div>
  </div>
 </body>
</html>
