3217 4950
256 390 321 457 tw
472 484 473 489 .
590 372 1093 479 mmmmmmmm

360 586 414 650 sed
437 585 516 650 nihil
539 586 646 650 inueni
668 585 781 651 melius
804 603 900 668 quam
923 586 1048 650 credere
1072 584 1204 651 Christo.

359 691 437 755 haec
459 709 516 775 ego
539 691 677 775 disposui
698 691 762 755 leni
785 689 961 755 describere
982 709 1087 771 uersu,

319 804 337 858 5
361 800 393 860 et
414 814 453 859 ne
476 795 640 879 displiceat
661 794 743 878 quod
766 795 844 859 talia
865 796 1005 859 carmina
1026 813 1140 879 pango,

358 898 463 965 Dauid
485 900 552 983 ipse
575 900 669 964 deum
692 899 853 965 modulata
874 916 951 964 uoce
971 901 1105 984 rogauit,

359 1021 419 1086 quo
443 1022 499 1069 nos
523 1004 663 1087 exemplo
686 1023 742 1087 pro
765 1005 888 1088 maguis
910 1022 1010 1087 parua
1031 1023 1190 1087 canemus,

359 1108 497 1173 diceutes
521 1126 600 1190 quae
623 1112 698 1173 sunt
718 1108 868 1192 fugienda
890 1109 1050 1191 sequenda
1070 1110 1211 1191 colenda,

359 1230 430 1277 cum
453 1216 560 1277 tamen
583 1214 615 1277 in
637 1214 757 1279 cunctis
781 1217 812 1278 et
833 1232 884 1277 res
907 1218 940 1277 et
961 1232 1057 1279 cansa
1078 1214 1236 1298 probetur.

299 1325 338 1379 10
361 1318 524 1383 Iudaicum
545 1318 646 1401 primo
668 1319 821 1403 populum
843 1337 902 1384 nec
923 1319 1027 1403 gratia
1048 1321 1148 1385 mouit

359 1423 439 1487 mira
460 1423 525 1498 dei;
548 1441 622 1487 uam
645 1426 714 1489 tum
736 1423 893 1488 Pharaoni
915 1427 1040 1507 ereptus
1062 1425 1168 1507 iniquo

359 1530 390 1591 et
413 1546 499 1591 mare
523 1532 738 1612 transgressus
761 1528 893 1611 pedihus
915 1529 1041 1593 lucente
1063 1530 1220 1611 columna,

358 1649 430 1696 cum
453 1631 530 1695 duce
553 1632 607 1715 qui
629 1632 729 1716 mergi
751 1632 884 1697 infestos
908 1633 988 1697 uidit
1009 1636 1171 1715 equestres

358 1740 390 1799 et
411 1736 460 1799 cui
483 1736 613 1800 desertis
636 1736 714 1801 nihil
737 1742 888 1818 umquam
911 1737 1010 1802 deluit
1031 1738 1127 1821 egris,

287 1848 336 1903 .1o
360 1840 480 1905 Manna
501 1841 551 1905 cui
574 1860 591 1904 e
613 1840 699 1905 caelo
722 1843 754 1905 et
776 1841 847 1905 fons
869 1842 908 1905 de
930 1860 1007 1924 rupe
1029 1844 1177 1924 cucurrit,

356 1946 526 2030 posthaec
547 1946 614 2030 ipse
637 1946 730 2011 deum
753 1950 965 2031 praestantem
988 1950 1078 2012 tauta
1098 1950 1237 2031 negauit,

358 2051 494 2132 dumque
517 2050 602 2115 aliud
624 2068 741 2115 numen
764 2051 904 2115 dementi
925 2055 1050 2134 pectere
1073 2054 1205 2134 quaerit,

358 2154 484 2239 ignibus
505 2155 642 2219 incensis
665 2154 748 2237 quod
769 2156 858 2220 misit
879 2155 1013 2239 perdidit
1036 2175 1159 2220 aurum.

317 2314 320 2333 ‚
360 2278 417 2343 par
439 2277 562 2342 quoque
584 2278 742 2343 paganum
763 2260 884 2343 lapides
907 2278 984 2342 quos
1008 2260 1123 2343 sculpit
1145 2261 1255 2325 adorat

297 2372 337 2429 20
362 2367 394 2429 et
415 2364 490 2429 iacit
511 2364 578 2447 ipse
601 2362 660 2427 sibi
683 2364 765 2447 quod
789 2364 903 2429 debeat
924 2365 991 2448 ipse
1014 2367 1135 2429 timere.

357 2475 426 2534 tum
449 2469 617 2534 simulacra
639 2468 714 2534 colit
736 2488 816 2552 quae
838 2471 883 2535 sic
906 2490 942 2535 ex
965 2489 1036 2534 aere
1058 2470 1182 2554 figurat,

357 2579 401 2654 ut,
425 2575 548 2656 quando
570 2573 697 2639 libitam
720 2577 778 2655 est,
802 2575 907 2640 mittat
928 2576 1089 2640 confracta
1109 2579 1255 2640 monetae

357 2683 412 2744 aut
434 2681 536 2763 magis
558 2681 591 2744 in
613 2679 733 2763 species
757 2683 921 2745 conuertat
942 2699 1035 2763 saepe
1057 2680 1227 2764 pudendas.

356 2787 429 2850 hinc
451 2785 582 2850 miseras
605 2788 723 2849 mactat
744 2785 879 2867 pecudes
902 2788 1087 2867 mentesque
1109 2785 1248 2865 deorum,

295 2897 335 2952 25
357 2907 435 2972 quos
457 2892 549 2974 putat
571 2889 673 2970 irasci,
696 2889 795 2954 calido
818 2891 851 2954 iu
873 2890 1022 2973 pulmone
1044 2889 1175 2970 requirit

357 2996 452 3075 atque
475 2993 610 3058 hominis
633 2993 733 3057 uitam
757 2994 875 3076 pecoris
899 2994 937 3058 de
959 2996 1059 3057 morte
1080 2996 1235 3076 precatur.

357 3098 431 3180 quid
454 3097 535 3180 petit
556 3097 676 3181 ignosci
699 3097 824 3162 ueniam
846 3097 902 3179 qui
924 3097 1077 3181 sanguine
1099 3097 1221 3181 poscit?

356 3202 434 3268 illud
457 3203 541 3267 euim
565 3202 656 3284 quale
679 3205 737 3283 est,
764 3219 860 3284 quam
888 3203 1021 3267 stultum
1043 3220 1180 3284 quamue
1201 3201 1391 3266 notandum!

358 3325 430 3371 cum
454 3305 530 3369 deus
553 3307 750 3389 omnipotens
772 3307 932 3372 hominem
955 3307 1137 3371 formauerit
1158 3306 1245 3386 olim,

295 3420 335 3475 30
358 3411 453 3475 audet
475 3410 568 3475 homo
590 3409 725 3475 formare
747 3411 856 3485 deum;
881 3431 920 3476 ne
942 3411 1074 3475 crimina
1095 3411 1209 3492 desint,

356 3515 441 3581 hunc
463 3516 560 3579 etiam
580 3515 699 3596 uendit,
722 3515 885 3580 dominum
908 3515 969 3579 sibi
991 3518 1152 3598 comparat
1172 3517 1303 3598 emptor.

358 3731 881 3802 mmmcmrfflmm

296 3933 496 3990 doenscrihcre
514 3935 589 3990 Mur.
678 3933 830 3990 Scarmine
848 3935 918 3988 coesi.
934 3935 1012 3989 Vende
1097 3949 1185 4003 pango
1202 3935 1273 3989 cont.
1290 3934 1391 3998 Oeace,

253 4021 341 4091 pando
359 4021 417 4076 AD
432 4021 509 4078 Vonk
579 4024 595 4076 6
614 4021 694 4074 deum
716 4021 800 4088 Vocet,
825 4018 965 4073 dominum
983 4020 1049 4088 AD,
1066 4020 1171 4089 chelym
1190 4021 1265 4076 Mar.
1334 4020 1391 4090 ipse

253 4107 343 4162 Dauid
361 4106 501 4162 dominum
518 4110 586 4165 cont.
601 4109 778 4164 Zechmeistcr
846 4109 1040 4163 9cuuctamen
1058 4109 1086 4162 A
1163 4109 1193 4163 11
1214 4107 1317 4161 tareoui
1334 4107 1392 4162 AD

256 4198 288 4252 13
306 4210 406 4248 mersos
424 4196 493 4252 cocci.
507 4196 583 4250 Mur.
638 4197 670 4250 14
689 4191 804 4248 nihilum
823 4209 927 4262 quoque
944 4195 1019 4249 Mar.
1075 4196 1108 4251 18
1126 4209 1178 4262 quo
1196 4194 1262 4248 fisus
1278 4195 1323 4249 ael
1340 4209 1391 4262 quo

253 4281 315 4335 fidit
331 4283 401 4337 ccci.
419 4283 495 4338 Vonlc
571 4285 603 4337 19
621 4281 733 4350 sculpsit
750 4281 825 4336 Mur.
891 4284 928 4336 -21
949 4297 1011 4334 curn
1030 4283 1099 4336 coesi.
1121 4283 1215 4337 Odctcr
1283 4297 1345 4334 aera
1362 4281 1392 4336 D

253 4371 288 4425 22
307 4368 419 4423 conficta
437 4371 512 4424 Mar.
566 4371 597 4425 31
618 4367 740 4423 uendidit
758 4371 784 4423 A
838 4367 961 4422 dominus
979 4368 1054 4424 Mar.
