3217 4950
257 405 320 469 170
589 422 614 476 S.
627 422 762 477 Paulini
780 422 900 476 Nolani
919 421 1065 492 episcopi

273 607 334 661 355
358 601 476 679 quanta
498 616 554 662 suo
577 597 721 662 dominus
745 598 874 662 donauit
897 596 1040 663 Christus
1064 598 1163 661 amico

359 706 391 767 et
413 703 492 766 mihi
514 703 674 767 confessor
695 703 815 767 famulo
839 702 1010 767 transfudit
1033 702 1172 766 alumno.

358 824 437 888 quae
460 806 574 888 quibus
598 807 794 871 anteferam?
818 806 907 871 donis
931 806 1066 887 diuersa,
1090 807 1144 871 sed
1168 806 1273 887 aequis

357 912 488 994 grandia
509 912 697 995 ponderibus
720 914 910 975 concurrunt
932 910 1042 991 multa,
1066 929 1122 975 neo
1146 929 1182 975 ex
1204 910 1253 974 his

359 1016 434 1098 quid
456 1016 558 1100 potius
582 1032 755 1081 memorare
777 1016 893 1099 legam,
917 1016 1093 1079 discernere
1115 1015 1248 1099 possim;

275 1130 337 1185 360
359 1121 465 1186 iudicii
488 1120 590 1186 facilis
613 1121 781 1185 discrimen
804 1121 893 1203 copia
914 1118 1041 1184 turbat

359 1226 387 1289 si
408 1226 511 1306 prima
533 1228 677 1308 repetens
700 1224 739 1289 ab
763 1224 884 1307 origiue
907 1227 1019 1288 cuncta
1041 1223 1212 1303 reuolnam,

359 1347 438 1411 quae
460 1330 577 1413 pietate
600 1329 677 1412 pari,
700 1329 786 1393 uario
810 1328 888 1393 mihi
909 1328 1066 1412 praestitit
1088 1345 1176 1409 aeuo,

359 1436 432 1497 aute
455 1451 568 1515 queam
592 1433 703 1516 capitis
725 1432 843 1516 proprii
865 1451 1030 1497 numerare
1053 1431 1182 1515 capillos

359 1556 453 1620 quarn
477 1541 532 1602 tua
553 1538 635 1601 circa
657 1556 718 1618 mc,
741 1537 829 1601 Felix
851 1536 942 1617 bone,
966 1537 1047 1601 dona
1069 1536 1193 1599 referre.

275 1650 335 1705 365
403 1645 438 1706 tu
461 1642 540 1705 mihi
563 1642 746 1722 caelestum,
770 1642 797 1705 si
819 1659 944 1724 possem
969 1642 1140 1724 adtingere,
1163 1658 1268 1703 rerum

358 1748 460 1830 prima
482 1746 652 1811 salutiferis
674 1746 777 1809 iecisti
799 1746 922 1809 semina
944 1746 1057 1809 causis.

359 1869 433 1915 uam
455 1870 532 1934 puer
555 1850 691 1914 occiduis
715 1848 878 1914 Gallorum
902 1850 1052 1913 aduectus
1075 1848 1114 1913 ab
1138 1848 1209 1929 oris,
1250 1885 1253 1891 ·

359 1960 394 2019 ut
415 1956 552 2037 primum
576 1955 666 2038 tetigi
689 1954 809 2036 trepido
833 1957 888 2019 tua
904 1953 1020 2017 'limina
1042 1972 1162 2037 gressu,

358 2059 541 2123 admiranda
563 2059 674 2123 uidens
696 2076 827 2142 operum
850 2060 1037 2123 documenta
1059 2074 1220 2123 sacrorum

276 2172 337 2228 370
359 2163 557 2248 proforibus
580 2164 701 2227 feruere
724 2164 796 2243 tuis,
820 2163 875 2227 ubi
897 2181 1024 2245 corpore
1047 2162 1176 2227 humato

359 2268 512 2333 clauderis
535 2270 567 2331 et
589 2268 710 2332 meritis
733 2269 797 2333 late
820 2267 1000 2332 diffunderis
1024 2267 1106 2348 altis,

358 2376 423 2438 toto
447 2372 539 2437 corde
561 2372 657 2435 fidem
680 2372 777 2437 diuini
798 2372 935 2436 nominis
958 2372 1048 2436 hausi

358 2478 453 2560 inque
476 2480 530 2541 tuo
553 2478 693 2561 gaudeus
717 2477 862 2542 edamaui
882 2477 1002 2541 lumine
1026 2476 1196 2542 Christum.

357 2585 390 2646 te
413 2582 490 2646 duce
514 2583 702 2666 fascigerum
725 2582 809 2665 gessi
831 2582 1010 2664 primaeuus
1036 2581 1187 2646 honorem

276 2693 336 2748 375
360 2689 454 2768 teque
477 2704 582 2750 meam
604 2687 786 2751 moderante
810 2704 950 2766 manum,
975 2689 1121 2750 seruante
1145 2685 1289 2765 salutem,

357 2809 455 2874 purus
478 2790 518 2855 ab
541 2791 673 2855 humani
696 2790 825 2873 sanguis
849 2791 1027 2855 discrimine
1050 2789 1161 2854 mansi.

360 2899 435 2959 tuuc
459 2895 554 2958 etiam
576 2895 696 2978 primae
719 2893 864 2979 (pucras)
885 2893 1035 2958 libamina
1057 2893 1174 2958 barbae

358 3002 431 3064 ante
454 3001 544 3063 tuum
568 2999 681 3063 solium
705 2999 794 3081 quasi
817 3003 849 3062 te
872 3001 1017 3080 carpente
1040 2997 1175 3072 totondi3

357 3105 420 3167 iam
444 3106 519 3168 tuuc
540 3103 713 3186 praemisso
736 3123 791 3185 per
814 3103 963 3168 honorem
986 3103 1114 3186 pignore
1138 3101 1219 3165 sedis

276 3215 337 3272 380
360 3207 528 3290 Campanis
551 3208 701 3272 metanda
723 3208 798 3272 locis
822 3207 1002 3271 habitacula
1024 3206 1086 3287 firi,

358 3315 389 3376 te
411 3312 563 3376 fundante
586 3313 632 3376 tui
654 3316 789 3377 uentura
811 3312 926 3376 cubilia
949 3312 1042 3391 serui,

357 3435 429 3481 cum
453 3417 551 3482 tacita
572 3417 728 3501 inspirans
752 3435 859 3482 curam
883 3417 960 3480 mihi
984 3419 1089 3480 mente
1111 3414 1233 3479 iuberes

358 3521 475 3585 muniri
498 3521 658 3604 sternique
681 3522 767 3586 uiam
790 3521 830 3584 ad
852 3525 908 3585 tua
930 3523 1015 3585 tecta
1036 3521 1191 3585 ferentem

360 3625 586 3709 adtiguumque
609 3627 671 3690 tuis
693 3626 787 3709 longo
811 3643 998 3709 consurgere
1021 3629 1124 3690 tractu

274 3738 335 3793 385
359 3729 547 3795 culminibus
570 3730 720 3814 tegimen,
744 3730 801 3794 sub
826 3748 887 3812 quo
910 3731 993 3813 prior
1015 3747 1091 3793 usus
1115 3732 1262 3813 egentum

298 3939 349 3993 356
366 3936 525 4007 transfudit]
544 3937 695 3991 transmisit
712 3939 737 3989 A
792 3938 844 3992 357
860 3943 924 4006 poet
941 3936 1026 3990 feram
1044 3937 1267 4006 interrogationis
1284 3935 1394 4005 apuam

160 4082 164 4088 ,
250 4026 335 4093 posui
402 4025 614 4093 corruperam
678 4026 729 4079 363
747 4039 858 4092 quacum
877 4025 906 4078 D
971 4025 1022 4078 369
1041 4021 1207 4076 ammiranda
1225 4024 1255 4077 D
1322 4020 1394 4075 doci-

255 4114 346 4165 menta
367 4112 424 4166 AD
494 4113 542 4166 371
568 4110 706 4165 diffuderis
728 4113 786 4165 AD
856 4113 907 4166 376
930 4111 1038 4178 sanguis
1056 4112 1163 4180 scripsi,
1182 4108 1319 4177 sauguinis
1336 4109 1395 4163 AD

253 4197 385 4252 humanae
398 4196 487 4250 caedis
499 4200 568 4253 corsi.
581 4199 656 4252 Mur.
710 4201 759 4253 377
773 4214 870 4266 puerus
884 4197 932 4266 (ura
943 4214 1009 4267 puer
1021 4201 1048 4251 et
1058 4197 1082 4266 f)
1101 4197 1208 4262 addidi,
1221 4215 1272 4252 our.
1286 4196 1350 4262 AD,
1363 4197 1396 4248 ub

254 4299 312 4336 mos
325 4287 364 4338 est
373 4284 436 4339 cdd.
448 4285 533 4351 Mur„
542 4284 646 4338 iuuenis
656 4284 719 4339 cdd.
730 4286 908 4340 Zecbmcister
955 4287 1005 4341 379
1015 4285 1114 4338 honore
1123 4284 1151 4337 A
1197 4285 1247 4339 381
1259 4281 1299 4337 tui
1308 4283 1396 4349 Mur„

255 4371 298 4424 cui
307 4372 365 4425 AD
411 4373 461 4427 385
472 4370 685 4440 culminibusque
695 4372 724 4425 D
770 4372 843 4440 prior
853 4372 926 4425 uisus
936 4373 972 4440 A,
983 4371 1044 4440 plus
1056 4387 1125 4424 uuus
1137 4372 1206 4426 cosei.
1218 4369 1398 4426 chlrmcreter
