3217 4950
298 407 430 463 XXXIIII
782 407 956 462 Praelatio.

340 584 457 666 Quibus
479 603 552 649 uero
572 585 705 650 uinculis
726 584 807 648 iuter
827 603 861 648 se
880 587 1095 664 consolantur,
1118 583 1179 648 hac
1201 583 1312 649 tabula
1330 586 1436 666 potest

295 689 460 754 illustrari:

820 775 891 829 arch.

293 1524 413 1588 codices
436 1524 530 1606 igitur
552 1519 645 1594 Ano
667 1521 823 1586 artissime
850 1523 932 1584 iuter
955 1540 989 1584 se
1012 1521 1179 1586 cohaerent
1201 1521 1363 1606 archetypi
1384 1522 1433 1587 in·

292 1627 472 1713 tegritatcm
495 1626 616 1691 fidelius
639 1644 733 1708 quam
761 1624 872 1706 reliqui
895 1628 1072 1700 seruantem
1095 1645 1196 1708 neque
1218 1645 1300 1691 unus
1324 1646 1432 1691 eorum

292 1733 335 1797 ita
349 1750 423 1815 prae
443 1731 569 1814 reliquis
591 1731 713 1795 excellit
727 1733 763 1793 nt
777 1730 891 1811 ubique
911 1731 1029 1794 maiore
1043 1729 1104 1794 fide
1120 1730 1231 1814 dignus
1252 1733 1301 1810 sit,
1322 1750 1432 1813 quam-

291 1855 387 1919 quam
402 1837 433 1900 in
449 1833 688 1900 scenicorum
704 1837 734 1898 et
749 1834 1004 1916 interpolationes
1020 1835 1119 1898 rarius
1134 1836 1346 1918 inrepserunt3
1363 1854 1432 1901 sac-

291 1941 361 2024 pius
382 1959 455 2005 uero
471 1940 503 2005 hi
518 1943 583 2004 tres
598 1938 718 2004 lacunis
739 1942 771 2003 et
791 1939 986 2022 singulorum
1007 1939 1231 2004 uocabulorum
1247 1945 1279 2004 et
1295 1944 1431 2005 totorum

292 2063 440 2109 uersuum
465 2043 687 2123 deformantur,
712 2041 827 2125 quibus
854 2043 983 2107 alterius
1005 2043 1142 2106 familiae
1164 2043 1237 2108 libri
1259 2063 1321 2110 non
1344 2045 1431 2110 labo-

292 2152 372 2214 rant.
409 2147 465 2214 ubi
487 2148 521 2212 hi
543 2166 617 2213 uero
641 2147 802 2229 scripturis
826 2165 845 2211 a
867 2143 959 2219 ΑΒΘ
981 2146 1169 2230 discrepant,
1192 2167 1263 2213 raro
1286 2150 1329 2213 cis
1352 2149 1430 2213 fides

291 2253 435 2318 habenda
455 2257 517 2326 est;
543 2271 617 2316 nam
632 2250 925 2335 interpolationibus
942 2254 973 2315 ct
988 2254 1170 2316 correcturis
1190 2254 1292 2317 omnis
1307 2254 1430 2337 generis

291 2359 507 2440 inquinantur,
543 2373 732 2440 quamquam
767 2373 829 2420 nnn
860 2356 969 2420 eodem
999 2357 1091 2421 modo
1120 2357 1281 2440 graduque
1311 2375 1429 2423 omnes.

290 2462 336 2527 ita
358 2461 479 2528 codices
499 2457 530 2525 G
552 2463 583 2525 ct
605 2459 637 2523 R
655 2462 720 2526 lere
743 2459 868 2545 gemelli
891 2480 953 2525 non
976 2464 1041 2525 tam
1064 2460 1192 2526 fallendi
1215 2480 1310 2545 quam
1334 2463 1430 2548 expli·

291 2566 381 2632 candi
401 2566 501 2631 studio
522 2568 612 2630 metri
629 2566 761 2631 uinculis
782 2566 892 2629 solutis
909 2566 1006 2630 uerba
1025 2566 1145 2631 addunt
1163 2567 1314 2632 omittunt
1327 2571 1430 2633 traus-

290 2674 410 2753 pounul
443 2670 576 2751 uariant,
611 2673 646 2733 ut
676 2669 800 2733 firmum
833 2669 1074 2734 fundamentum
1104 2689 1164 2754 quo
1194 2672 1306 2754 pedem
1337 2674 1429 2737 sistas

290 2792 445 2857 nusquam
464 2773 645 2858 praebeant,
670 2774 752 2856 quod
767 2773 954 2838 Chatelainii
977 2775 1083 2839 uidere
1106 2776 1180 2840 licet
1202 2778 1353 2860 exemplo,
1377 2778 1430 2861 qui

290 2879 479 2961 ubicumque
508 2897 614 2943 eorum
637 2878 823 2943 testimoniis
850 2879 924 2943 solis
952 2897 986 2942 sc
1013 2879 1166 2944 confidere
1192 2899 1283 2963 posse
1306 2882 1430 2965 putauit

290 2983 397 3066 lapsus
426 2985 482 3047 est.
520 2982 710 3047 recensionis
734 2982 847 3046 iudicia
870 2982 1022 3064 diuersae,
1050 3002 1129 3065 quae
1156 2986 1273 3050 maiore
1300 3003 1375 3050 cura
1398 2990 1429 3050 et

291 3090 358 3151 arte
377 3088 519 3152 confecta
534 3091 592 3168 est,
613 3086 685 3151 libri
704 3084 795 3149 ΒΕΓ
809 3085 957 3162 offerunt3
980 3088 1047 3152 eius
1068 3091 1175 3153 auctor
1194 3090 1309 3171 partim
1329 3090 1427 3155 bonas

290 3192 448 3275 archetypi
472 3193 638 3275 scripturas
667 3192 865 3256 conseruauit
887 3192 1003 3275 partim
1029 3197 1189 3276 corruptas
1212 3195 1262 3259 nel
1286 3194 1427 3260 difficiles

290 3297 435 3376 tentauit,
456 3296 580 3380 saepius
597 3296 681 3361 felici
696 3296 874 3361 coniectura
887 3315 974 3361 usus.
1013 3297 1093 3379 quod
1115 3298 1168 3363 ille
1190 3299 1236 3363 ita
1257 3299 1427 3381 inchoauit‚

290 3418 344 3482 pro
372 3418 428 3465 suo
450 3401 580 3483 quisque
603 3402 727 3485 ingenio
749 3404 930 3483 persecutus
959 3405 1008 3465 cst
1030 3406 1061 3466 et
1083 3403 1143 3467 duo
1169 3405 1377 3469 recentissimi
1399 3403 1432 3467 Ε

291 3508 322 3568 et
341 3502 372 3565 T
385 3507 484 3568 totam
507 3507 555 3569 sui
577 3506 727 3589 temporis
750 3504 909 3569 licent-iam
932 3506 1078 3588 produnt,
1102 3510 1133 3572 et
1155 3508 1290 3573 maxime
1313 3526 1427 3573 cauen-

291 3608 365 3672 dum
389 3612 446 3689 est,
470 3628 509 3673 ne
531 3609 696 3674 fallacibus
721 3610 832 3692 quibus
855 3608 886 3671 T
902 3610 1047 3693 splendet
1068 3611 1205 3677 inuentis
1228 3613 1426 3697 decipiamur.

333 3712 383 3777 Ad
403 3714 544 3777 carmina
563 3732 641 3796 quae
661 3714 693 3778 in
714 3714 917 3797 appendicem
936 3715 1074 3799 relegani
1096 3717 1286 3782 recensenda
1304 3718 1336 3783 hi
1355 3718 1428 3784 libri

290 3818 432 3900 usurpati
454 3822 528 3882 sunt

336 3920 362 3984 l.
388 3922 425 3985 ad
447 3940 572 3987 carmon
587 3923 722 4006 primum
744 3922 788 3986 ad
811 3924 984 4009 contegent,
1006 3926 1085 4006 quod
1106 3945 1141 3990 ex
1156 3926 1302 4009 Prospcri
1317 3927 1426 3993 editio-

289 4026 382 4089 nibus
405 4025 555 4110 Roswcyd
581 4028 701 4109 primns
724 4028 807 4093 inter
828 4028 953 4093 Paulini
981 4030 1121 4094 carmina
1147 4032 1273 4114 recepit,
1300 4036 1426 4115 praesto

289 4129 415 4194 luerunt

225 4254 245 4295 τ
333 4233 426 4297 codor
453 4233 639 4317 Regincnsis
666 4235 721 4299 let.
738 4234 802 4299 230
829 4237 961 4301 membr.
977 4237 1014 4300 4⁰
1036 4239 1106 4303 s.X
1130 4237 1182 4321 (cf.
1203 4238 1426 4306 Reifferscheid

289 4334 376 4399 Bith.
389 4346 479 4421 patr.
496 4336 551 4401 lat.
568 4336 640 4402 irat.
657 4358 687 4421 p.
704 4338 781 4424 394)
