3217 4950
587 442 613 495 S.
627 441 760 495 Paulini
777 441 897 495 Nolani
916 441 1062 511 episcopi

408 627 469 682 885
516 619 637 684 alienus
660 622 696 683 ut
716 618 760 684 sit
781 618 901 684 saeculi
922 618 1057 703 negotiis

564 723 708 789 caelestis
730 723 819 790 urbis
840 724 951 789 incola.

509 829 542 892 in
566 846 659 893 carne
680 829 791 894 uiuens
815 828 882 893 uita
904 828 1007 893 carnis
1031 828 1134 893 erulet

563 934 595 998 in
618 934 688 1017 lege
711 932 827 997 mentis
850 932 1017 997 ambulans

510 1042 671 1120 totamque
693 1038 784 1121 regni
807 1037 914 1103 crediti
937 1040 1054 1101 terram
1077 1036 1137 1103 sibi

405 1151 467 1207 880
563 1148 710 1227 peragret
732 1143 765 1207 in
787 1142 876 1207 libris
900 1142 1006 1207 sacris.

511 1252 543 1312 et
565 1249 647 1312 sicut
667 1247 720 1311 ille
742 1247 790 1310 uir
814 1246 861 1311 dei
884 1246 998 1329 Ioseph
1019 1246 1089 1330 pius

560 1351 783 1436 Memphiticos
806 1350 885 1415 fines
912 1350 978 1415 obit

509 1461 541 1521 et
563 1456 723 1540 ampliatis
745 1456 863 1521 horreis
886 1455 986 1521 laetas
1009 1474 1083 1539 opes

561 1561 761 1626 fecunditatis
785 1578 967 1645 congerens,

405 1674 466 1729 885
513 1665 739 1730 exuberantum
762 1665 851 1730 diues
875 1681 1028 1730 annorum
1050 1662 1140 1730 bonis

559 1770 663 1834 ieiune
684 1770 773 1853 pauit
793 1772 950 1854 tempora:

510 1875 555 1939 sic
577 1874 636 1938 iste
658 1879 766 1939 noster
788 1876 820 1939 in
844 1874 975 1940 sacratis
998 1874 1110 1939 litteris

560 1979 759 2063 perambulet
780 1998 913 2063 regnum
939 1980 997 2043 dei.

508 2083 663 2167 scriptura
684 2101 820 2166 namque
844 2087 952 2149 sancto
976 2083 1050 2149 flata
1072 2084 1183 2167 spiritu

406 2197 467 2251 840
564 2188 653 2272 regni
674 2188 821 2272 perennis
844 2192 946 2253 mater
969 2193 1027 2269 est,

509 2296 543 2357 et
563 2292 623 2357 iste
646 2310 722 2357 eure
743 2293 876 2376 spiritali
898 2292 1065 2376 prouidens

562 2400 663 2462 struat
685 2398 791 2482 ampla
814 2398 928 2463 mentis
951 2397 1071 2480 horrea,

508 2506 543 2566 ut
567 2503 698 2568 dilatato
721 2503 809 2586 large
831 2503 914 2567 uitae
937 2503 1075 2586 perpetis

561 2607 711 2672 alimenta
733 2607 847 2672 condet
869 2611 1009 2690 pectore;

403 2720 464 2775 845
510 2715 637 2776 etcum
659 2711 748 2775 uitali
771 2711 903 2777 diuitem
925 2711 1103 2778 substantia

559 2816 723 2899 perfecerit
745 2819 861 2880 terram
884 2833 985 2896 suam,

509 2924 585 2984 tuno
607 2923 653 3000 tu,
675 2923 711 2984 nt
732 2920 846 2985 frueris
869 2919 926 2984 filii
949 2921 1097 3004 potentia,

561 3028 723 3106 tamqnam
746 3023 845 3089 Israel
868 3025 929 3089 ibis
952 3043 1047 3090 senex

509 3132 541 3192 et
562 3127 704 3195 introibis
726 3128 829 3194 laetus
852 3130 951 3195 accito
974 3130 1067 3194 simul

405 3241 468 3295 850
564 3233 760 3317 cognationis
783 3233 918 3318 agmine.

508 3342 678 3422 pascetque
702 3342 795 3402 natus
819 3338 851 3403 in
874 3338 966 3403 domo
989 3339 1071 3423 regis
1095 3343 1183 3404 tuam

559 3442 657 3526 partis
680 3447 841 3508 senectam
864 3443 1009 3527 panibus,

509 3551 544 3611 ut
567 3547 672 3630 pullus
696 3548 819 3630 aquilae
843 3547 955 3614 elicitur
976 3567 1139 3634 repascere

560 3669 634 3716 cura
655 3660 801 3734 parentes
825 3656 945 3733 mutua,

404 3761 467 3818 855
511 3773 589 3838 quos
613 3757 661 3821 uis
684 3761 830 3824 senectae
853 3776 960 3822 rursus
984 3758 1140 3842 inplumes
1162 3758 1240 3823 lacit

295 4055 347 4109 827
365 4051 453 4105 erulet
471 4053 557 4106 carnis
575 4053 620 4106 uia
638 4055 707 4109 coni.
721 4055 898 4110 chboreistcr
977 4057 1027 4110 881
1047 4053 1079 4107 tle
1097 4055 1124 4109 Β
1203 4053 1262 4107 doio
1281 4053 1393 4122 sepiri)

249 4141 301 4196 832
320 4139 506 4208 memphiticos
523 4159 548 4207 o,
571 4140 734 4194 memsiticos
752 4142 788 4208 B,
813 4156 889 4194 mens
911 4139 997 4194 fiticos
1020 4141 1043 4196 Ο
1129 4142 1180 4196 840
1202 4139 1344 4209 perhennis
1363 4141 1392 4195 Β

249 4229 301 4282 848
317 4226 435 4296 perpetis
452 4245 477 4293 o,
494 4230 615 4297 perpetes
633 4227 687 4282 ΒΟ
774 4229 825 4284 847
844 4231 874 4281 tn
893 4227 1033 4280 instruaris
1050 4229 1078 4281 Β
1165 4225 1214 4281 41144
1231 4246 1255 4294 o,
1277 4226 1318 4280 tili
1335 4228 1393 4284 ΒΟ

250 4316 302 4372 848
318 4312 475 4369 istrahelO
526 4316 578 4370 850
596 4315 700 4368 nemine
718 4314 746 4369 B
800 4313 1302 4384 esapatriseoot.1›ucaeo,fartim
1320 4317 1391 4370 coni.

254 4399 389 4458 Caesetius
442 4402 493 4457 854
510 4405 633 4472 parentes
651 4419 675 4466 o,
692 4401 811 4472 parentis
828 4401 884 4457 ΒΟ
