3217 4950
594 487 722 525 carmen
740 468 856 537 XXIIII,
869 472 1015 527 seu-706.

544 650 711 714 conseruet
730 648 882 712 intactam
905 646 1009 711 fidem.

493 753 548 817 sed
569 772 678 818 rursus
700 751 786 817 idem
809 754 842 816 et
864 752 1044 836 euangelias
1067 752 1199 834 desuper

546 862 685 923 mentem
708 860 844 923 retentus
867 857 996 936 lumine,

492 966 589 1047 ponat
611 963 740 1046 capillos
762 962 866 1027 oneris
890 965 921 1026 et
944 960 1109 1025 uelaminis

386 1078 448 1132 680
545 1086 655 1133 seruus
677 1066 750 1131 fidei
772 1070 804 1132 et
827 1065 906 1131 liber
928 1065 998 1130 fide.

491 1172 575 1237 hune
597 1171 679 1236 laete
701 1172 802 1255 prime
825 1190 881 1254 per
904 1170 1127 1255 prophetarum
1152 1168 1248 1233 ubera

541 1277 591 1342 lex
613 1277 796 1361 paedagoga
818 1276 947 1356 nutriat,

490 1382 574 1446 hune
596 1381 779 1465 angelorum
801 1398 882 1463 pane
906 1380 1004 1445 duleis
1027 1378 1129 1465 gratia

543 1489 576 1551 et
597 1485 691 1550 melle
714 1485 752 1549 de
775 1487 865 1568 petra
887 1482 978 1548 eibut.

386 1600 448 1655 685
493 1590 666 1655 inebrietur
689 1588 846 1655 sobriante
868 1588 980 1672 pesulo

541 1695 579 1759 da
603 1696 688 1760 iente
711 1696 813 1759 saneti
836 1693 974 1778 spiritus.

490 1804 521 1864 et
544 1799 611 1883 ipse
632 1802 668 1863 tu
691 1817 762 1864 mex
785 1799 950 1881 copulatus
974 1796 1046 1862 filiis

541 1907 578 1968 ut
599 1904 706 1987 palma
727 1903 874 1968 flereseas
898 1903 963 1967 deu.

489 2012 522 2071 et
544 2026 615 2072 eeee
638 2008 750 2072 euniux
771 2007 805 2073 in
829 2008 901 2091 iuge
925 2006 1041 2072 Christi
1064 2010 1118 2070 tua

384 2121 444 2177 090
541 2116 576 2177 ut
599 2113 672 2178 uitis
695 2112 832 2177 exundat
853 2112 946 2193 bena,

488 2218 573 2281 demi
595 2218 714 2299 deeque
737 2221 825 2282 easta
846 2216 936 2281 fertis
960 2216 1037 2281 haee
1060 2214 1118 2279 tibi

538 2320 690 2386 lateribus
713 2323 745 2386 in
769 2322 880 2386 demus
903 2324 986 2402 tuae,

487 2444 577 2492 aurae
601 2427 708 2493 mariti
730 2427 899 2508 sustinens,
923 2424 1163 2507 emerendum,

537 2533 638 2597 saneti
660 2551 775 2598 serena
796 2531 948 2616 coniugis,

381 2645 442 2701 695
486 2639 519 2702 in
541 2638 687 2702 eastitate
708 2637 823 2702 liberos
848 2637 1009 2702 enutriens

536 2742 635 2806 uitam
657 2741 853 2806 nouellantes
877 2743 943 2806 deu.

485 2847 569 2911 hune
593 2864 728 2930 namque
751 2850 857 2912 uestra
879 2847 944 2912 uite
967 2847 1072 2911 iusum
1095 2845 1258 2929 palmitem

536 2950 583 3014 sie
603 2950 695 3016 erede
716 2949 907 3015 firmandum
930 2951 997 3031 deu,

484 3055 596 3120 radicis
618 3056 686 3139 ipse
708 3072 816 3120 ramus
840 3057 874 3120 ut
895 3055 982 3120 radix
1005 3073 1079 3119 suae

382 3167 442 3223 700
539 3178 645 3224 seeum
669 3177 759 3224 suam
782 3160 912 3244 stirpem
936 3159 1050 3225 trahat.

485 3267 521 3328 ut
542 3265 594 3329 ille
617 3265 774 3348 quondam
796 3265 994 3348 prouidentia
1017 3264 1068 3330 dei

536 3369 704 3435 distramus
726 3370 759 3434 in
782 3388 910 3434 seruum
932 3389 1010 3454 puer

485 3474 525 3538 ad
547 3492 624 3539 arua
646 3475 774 3558 frugum
798 3476 914 3539 missus
938 3478 995 3556 est,
1019 3478 1055 3540 ut
1078 3478 1108 3538 et
1130 3477 1251 3559 patrem

535 3580 671 3663 praeiret
693 3583 726 3643 et
747 3579 861 3645 fratres
884 3597 967 3661 sues,

380 3689 440 3747 705
485 3683 537 3765 qui
560 3702 631 3749 mex
653 3703 709 3767 per
731 3684 838 3750 orbem
862 3687 1068 3750 consecutura
1090 3686 1174 3750 fame

533 3789 632 3872 patris
655 3790 736 3854 alter
758 3794 791 3854 et
812 3791 945 3854 fratrum
969 3790 1060 3872 leret,

327 3969 391 4040 ser]
409 3970 463 4039 (Pu.
477 3973 519 4037 ee,
533 3971 583 4040 ιι).
637 3971 700 4041 see]
720 3972 773 4041 (es.
788 3974 847 4041 rer,
860 3973 895 4042 s).

268 4145 318 4200 677
337 4143 509 4213 euuangelieo
528 4146 555 4201 Β
608 4147 659 4202 689
677 4145 706 4200 in
723 4144 787 4214 ingo
805 4147 897 4203 omB
954 4149 1006 4202 690
1022 4145 1144 4200 hanudat
1161 4148 1188 4203 Β
1245 4149 1294 4203 691
1315 4146 1361 4201 do·

221 4230 314 4286 mule
374 4232 446 4285 insta
462 4232 490 4287 B
552 4235 604 4290 693
621 4231 770 4288 maritirO
827 4237 876 4290 697
895 4233 968 4288 hune
985 4249 1099 4303 namque
1117 4252 1141 4303 v,
1159 4249 1273 4303 namque
1290 4233 1362 4288 hune

221 4333 240 4370 a
257 4317 319 4386 Bo,
337 4333 452 4387 namque
469 4318 557 4374 hunea
574 4322 644 4377 aeui.
658 4321 837 4376 Zeetmea'ater
889 4323 940 4377 702
958 4319 1101 4376 distraetus
1120 4321 1148 4374 in
1160 4339 1184 4390 v,
1203 4321 1360 4376 distractum

222 4429 262 4496 (in
280 4431 341 4499 om.)
358 4431 413 4488 no
464 4398 585 4502 piare
638 4435 689 4490 ros
706 4436 734 4488 ee
751 4435 842 4491 onan
