3217 4950
581 456 708 495 carmen
726 440 843 507 mul,
861 444 1006 501 407-468.
1301 426 1363 491 221

482 615 595 699 bonne,
618 618 732 700 inquit,
755 618 859 683 omnis
882 618 920 683 de
942 618 1024 683 beno
1047 619 1165 702 profert
1187 618 1278 701 bena,

380 729 442 784 440
539 726 572 786 et
594 721 739 787 arborem
760 723 867 789 fmatu
889 722 991 800 uidem

484 828 529 891 sie
550 827 611 892 iste
633 826 731 892 uerbo
753 828 861 893 suauis
885 832 917 892 et
938 831 1044 893 eastun
1067 828 1128 893 fide

537 934 568 995 et
589 932 693 997 fronte
714 932 849 997 honesta
870 932 1002 1015 lueiduS,

484 1035 568 1099 dnlai
591 1036 745 1119 benignae
767 1037 907 1102 <raritatis
930 1036 1060 1103 flumine

535 1140 567 1205 in
590 1144 698 1206 nestra
720 1140 809 1206 fluxit
830 1143 961 1207 nieeera.

380 1252 442 1309 445
487 1263 580 1329 super
602 1246 681 1311 haee
703 1246 842 1311 amicum
866 1248 977 1312 merite
1000 1266 1034 1312 se
1056 1248 1177 1314 iaetans
1200 1253 1300 1332 tuum,

538 1367 599 1433 quo
621 1351 692 1434 plus
715 1354 884 1433 amaretm,
909 1352 1013 1417 dabat.

486 1473 544 1519 nee
567 1456 651 1520 enim
673 1456 740 1521 ulla
761 1456 846 1521 noeti
870 1460 900 1521 et
923 1457 1035 1523 lumini
1058 1460 1221 1525 eoncordia
1243 1466 1300 1541 est,

536 1562 629 1644 lupus
653 1579 710 1625 nee
732 1578 813 1645 agne
837 1563 988 1645 congruit.

486 1665 559 1729 hine
581 1668 613 1729 et
633 1665 796 1749 propheta,
820 1666 910 1748 siant,
934 1668 1045 1750 inquit,
1070 1670 1159 1735 alites

381 1778 444 1832 450
538 1788 630 1852 pares
652 1770 685 1833 in
707 1788 806 1835 unum
830 1772 1008 1853 condolent,

488 1874 531 1937 sia
553 1892 677 1956 semper
699 1878 772 1958 apta
794 1875 944 1957 qualitate
969 1876 1108 1943 moribus

538 1978 659 2043 iustitia
680 1980 837 2045 eenanrrit
860 1979 959 2046 bunia.

487 2082 713 2148 Martinianum
736 2086 780 2149 sie
801 2084 862 2150 tibi
884 2086 977 2170 lenge
1000 2106 1107 2171 parem

538 2205 690 2272 germana
711 2208 801 2253 mens
825 2192 994 2272 conteruit,

384 2299 445 2355 455
490 2292 714 2375 speculumque
737 2294 853 2358 mentis
877 2297 910 2359 et
932 2294 1003 2359 fidei
1027 2296 1125 2362 instar
1148 2300 1220 2362 tuae

540 2400 590 2462 est
611 2398 724 2461 talium
746 2398 893 2488 dileetio„

370 2505 373 2508 ’
486 2502 670 2568 benedictus
693 2506 800 2568 auatm
823 2504 956 2586 fonsque
980 2511 1159 2572 sanaturum
1184 2507 1259 2572 deus

539 2625 601 2672 nen
625 2608 724 2673 etrdta
744 2609 808 2673 iam
831 2613 956 2675 tanturn
980 2629 1081 2693 neque

487 2710 612 2777 infirma
634 2713 744 2778 mnndi
766 2711 931 2779 defluentis
955 2715 1053 2800 eligit,

382 2825 445 2880 460
540 2821 577 2881 ιιι
598 2818 664 2882 alta
684 2818 793 2882 mundi
818 2818 973 2895 destruam

489 2922 553 3003 sed,
584 2926 619 2986 ut
648 2923 715 3005 ipse
742 2923 827 3004 dixit,
858 2927 971 2989 anneta
997 2925 1061 2988 iam
1089 2943 1214 2989 sursum
1241 2926 1368 2990 trahens

541 3029 572 3090 et
594 3026 660 3090 alta
682 3027 793 3091 mundi
816 3028 961 3093 uindicat.

489 3130 638 3212 qnoniam
660 3131 727 3215 ipse
749 3132 825 3198 feeit
847 3136 879 3196 et
900 3133 1051 3217 pusillum
1075 3137 1106 3198 et
1129 3133 1312 3215 marimum,

540 3239 688 3318 utrosque
710 3236 813 3320 iungit
835 3238 946 3321 gratia,

384 3346 447 3401 455
492 3342 524 3403 et
546 3358 623 3422 qnos
646 3343 767 3406 creater
789 3359 883 3426 opere
906 3343 937 3406 in
961 3361 1023 3407 une
1046 3343 1192 3424 condidit,

541 3444 598 3510 hos
620 3449 741 3510 retreat
763 3464 825 3511 une
849 3466 988 3512 munere.

490 3551 666 3616 eommunis
690 3569 799 3616 omnes
823 3551 936 3616 elausit
956 3551 1135 3633 infidelitas,

458 3725 461 3729 ,
542 3655 697 3720 mediatur
720 3659 755 3721 ut
776 3657 897 3721 eunetis
920 3656 1008 3738 fides,

336 3861 834 3934 mr](naen.13,an;11mr.4,1r).
881 3865 945 3934 449]
958 3863 1039 3920 neon
1053 3867 1094 3930 ιι,
1107 3868 1146 3921 10.
1199 3863 1369 3934 namnam.

228 3957 254 4019 1,
267 3952 322 4020 aa).
374 3951 438 4020 nar]
456 3950 514 4006 ron.
529 3954 569 4015 12,
582 3953 623 4007 aa

275 4146 328 4201 439
346 4143 438 4213 inquid
455 4145 570 4200 attolat
586 4145 614 4199 B
683 4146 734 4200 447
753 4145 828 4200 nulla
845 4146 872 4200 Β
936 4146 988 4200 450
1007 4142 1174 4200 eouolantO
1237 4147 1287 4202 451
1308 4147 1371 4216 apta

228 4251 284 4290 om.
298 4233 325 4287 B
371 4233 427 4288 ’454
445 4234 568 4286 contexat
585 4232 613 4286 B
668 4233 721 4287 456
739 4232 866 4288 aliumO
918 4234 970 4288 459
988 4231 1068 4300 elegit
1085 4233 1113 4286 B
1169 4233 1220 4287 467
1239 4233 1325 4286 omnis
1344 4233 1371 4288 B

228 4320 260 4374 in
278 4317 332 4372 tide
349 4317 414 4372 deus
426 4322 496 4376 mai.
509 4320 686 4376 lemmata
740 4322 793 4375 468
811 4319 944 4374 mediatur·
961 4319 990 4388 Ο,
1010 4319 1141 4373 mediatur
1153 4320 1188 4387 B,
1207 4319 1345 4374 medeatur
1356 4337 1372 4374 a

230 4405 367 4462 mediatur
384 4411 411 4460 et
428 4409 497 4463 euni.
511 4408 688 4462 Zectmea'eter
