3217 4950
576 465 705 502 carmen
722 446 838 513 XVIIII,
851 450 962 504 39-97.

307 627 339 690 11
360 625 469 690 uacuis
493 625 661 690 simulacra
683 627 824 690 tremunt
846 625 1024 707 squalentia
1046 625 1172 707 templis

247 741 285 795 70
308 730 436 796 uocibus
459 730 522 795 icta
542 730 601 812 piis
624 729 810 813 inpulsaque
833 729 959 794 nomine
983 728 1106 794 Christi.

308 835 476 918 diffugiunt
496 834 610 918 trepidi
632 834 771 899 desertas
794 834 963 900 daemones
987 834 1089 899 aedas.

307 941 423 1005 liuidus
444 940 605 1004 incassum
627 958 757 1022 serpens
781 939 890 1003 tremit
912 956 964 1004 ore
988 943 1116 1004 cruento

307 1047 418 1130 lugens
440 1045 613 1109 humanam
636 1045 740 1108 ieiuna
762 1044 853 1108 fauce
876 1044 1011 1108 salutem

309 1169 403 1232 seque
425 1148 521 1213 simul
542 1149 699 1232 pecudum
721 1150 784 1212 iam
808 1149 961 1232 sanguine
985 1148 1220 1223 defraudatum

247 1263 286 1317 tt
308 1254 422 1337 praedo
444 1272 574 1338 gemens
597 1253 714 1317 frustra
735 1254 833 1317 siccas
858 1252 1063 1318 cucumuolat
1087 1271 1166 1317 aras.

351 1359 395 1422 sic
418 1359 494 1422 deus
517 1361 549 1422 et
570 1358 698 1440 reliquis
721 1357 864 1423 tribuens
886 1357 939 1441 pia
961 1375 1093 1422 munera
1115 1358 1206 1423 terris

309 1463 424 1547 sparsit
446 1462 562 1544 ubique
583 1462 645 1526 loci
667 1480 798 1546 magnas
823 1480 880 1526 sua
902 1461 1046 1526 membra
1067 1481 1123 1546 per
1145 1462 1249 1527 urbes.

310 1569 354 1632 sic
376 1568 460 1632 dedit
481 1566 644 1632 Andream
665 1567 769 1631 Patris
791 1566 978 1652 Ephesoque
1000 1567 1184 1648 Iohannem,

309 1677 345 1737 ut
367 1673 462 1737 simul
482 1672 639 1756 Europam
663 1676 758 1755 atque
780 1671 892 1737 Asiam
916 1676 1039 1737 curaret
1059 1673 1092 1737 in
1115 1672 1176 1736 illis

246 1787 287 1843 80
311 1777 541 1859 discuteretque
563 1794 675 1860 graues
697 1797 754 1860 per
775 1777 898 1840 lumina
921 1780 1010 1841 tanta
1032 1777 1188 1841 tenebras.

307 1882 436 1946 Parthia
457 1881 655 1946 Matthaeum
678 1881 895 1963 conplectitur,
918 1880 1008 1945 India
1031 1881 1195 1962 Thomam,

308 1986 491 2050 lebbaeum
513 1985 638 2068 libyes,
661 1985 802 2069 Phryges
827 2003 972 2070 accepere
994 1985 1187 2069 Philippum,

309 2089 404 2156 (treta
425 2090 532 2154 Titum
555 2090 701 2172 sumpsit,
725 2090 883 2154 medicum
906 2089 1037 2155 Boeotia
1059 2089 1187 2154 Lucam.

308 2195 446 2276 Marcus,
469 2194 669 2275 Alexandria,
692 2193 751 2258 tibi
773 2194 875 2275 (11111,
898 2197 934 2258 11
955 2193 1037 2259 boue
1059 2194 1149 2276 pulso

247 2309 287 2364 85
312 2319 383 2363 oum
405 2300 481 2364 Ioue
503 2317 562 2363 neo
584 2300 718 2383 pecudes
741 2299 905 2383 Aegyptus
928 2300 960 2364 in
983 2298 1087 2383 Apide
1111 2299 1239 2364 demens

308 2405 342 2468 in
362 2405 439 2469 Ioue
460 2421 519 2468 nec
541 2404 643 2468 ciuem
666 2404 782 2468 coleret
803 2405 885 2468 male
910 2401 1003 2469 (11111
1026 2404 1196 2488 sepultum,

310 2528 367 2574 nec
389 2510 532 2593 Phryges
555 2509 686 2574 exsectis
709 2512 839 2592 agerent
861 2508 1009 2592 Cybeleia
1031 2507 1130 2573 Gallis

309 2615 454 2698 inpuram
477 2614 566 2678 foedo
589 2614 726 2678 solantes
750 2614 880 2677 uulnere
905 2617 1049 2695 matrem,

310 2722 342 2783 11
364 2718 493 2783 tandem
516 2718 611 2783 castis
634 2717 792 2782 fronderet
816 2716 976 2781 montibus
1000 2716 1057 2781 Ida

247 2832 287 2888 90
310 2824 446 2888 intactas
469 2823 607 2888 referens
631 2840 739 2887 securo
763 2823 878 2887 uertice
902 2822 1005 2906 pinus,

310 2946 393 2993 uana
415 2946 474 2992 nec
495 2928 627 2992 ulterius
651 2931 755 2991 mutos
779 2928 843 2991 iarn
868 2924 999 2992 Graecia
1021 2926 1161 3009 Delphos

311 3033 487 3097 consuleret
508 3050 722 3115 spernensque
744 3050 837 3097 snum
860 3033 995 3096 calcaret
1018 3030 1189 3116 Olympum

311 3137 404 3201 altius
427 3137 460 3201 in
483 3135 556 3202 Sion
578 3137 736 3220 gradiens,
759 3136 814 3201 ubi
837 3137 923 3201 collis
947 3136 1068 3199 alumni

310 3242 380 3305 lene
402 3243 513 3325 iugum
535 3242 618 3306 celso
641 3242 771 3325 fastigat
793 3241 911 3306 uertice
935 3240 1087 3306 Christus.

248 3353 290 3409 95
312 3346 395 3430 fugit
417 3350 450 3410 et
472 3365 508 3409 ex
530 3345 654 3429 Epheso
677 3345 822 3409 trudente
845 3344 947 3409 Diana
969 3343 1110 3409 Iohanne

312 3468 498 3533 germanum
521 3451 670 3516 comitata
692 3468 796 3530 suum,
819 3468 914 3531 quem
937 3450 1062 3514 nomine
1086 3448 1202 3514 Christi

312 3554 485 3637 inperitans
507 3554 624 3619 Paulus
647 3554 738 3638 pulso
760 3554 903 3637 Pythone
925 3552 1056 3637 fugauit.

250 3775 287 3829 69
304 3770 467 3826 simulachra
486 3771 516 3826 Ε
531 3777 562 3826 ut
578 3772 645 3827 solet
706 3770 811 3825 781111
829 3771 859 3826 D
919 3773 951 3825 71
972 3768 1109 3881 daernqqpris
1127 3770 1185 3824 AD
1245 3768 1351 3823 7411111

204 3888 243 3955 E,
262 3902 342 3955 quem
361 3886 427 3954 AD,
446 3898 550 3953 quoque
567 3886 631 3953 fort.
696 3886 730 3940 78
747 3886 838 3953 patras
856 3881 902 3938 D’
963 3885 996 3938 79
1015 3885 1043 3936 ut
1061 3884 1087 3937 A
1149 3886 1181 3939 81
1201 3881 1351 3935 mattheum

203 3980 240 4043 A,
259 3972 399 4027 matheum
416 3972 505 4028 ADE
572 3971 684 4025 thoman
702 3974 727 4023 A
793 3969 968 4027 8811111111
986 3971 1076 4025 ADE
1136 3968 1222 4037 lybies
1240 3969 1354 4022 AADE

203 4062 300 4131 fryges
317 4061 355 4127 D,
373 4058 456 4127 friges
473 4059 533 4113 AD
582 4057 741 4128 phylippum
760 4060 785 4109 Δ
840 4060 874 4113 88
893 4056 944 4111 sibi
962 4056 1077 4125 sumpsit
1095 4058 1122 4109 et
1140 4060 1165 4108 A
1217 4054 1352 4109 medicum

203 4166 259 4205 om.
280 4150 305 4199 A
360 4146 468 4200 boethia
486 4147 550 4213 AD,
569 4144 624 4199 otia
641 4150 666 4197 A
720 4144 800 4198 lucan
819 4145 877 4200 AD
934 4146 966 4200 84
986 4142 1142 4197 alexandrea
1160 4144 1190 4197 Ε
1240 4145 1352 4211 851111-

203 4234 291 4290 cudes
308 4236 338 4289 D
390 4237 424 4290 87
442 4233 533 4303 fryges
551 4235 587 4301 A,
604 4232 687 4301 friges
705 4233 766 4287 DE
825 4236 852 4287 et
869 4232 947 4287 sectis
966 4233 1023 4286 AD
1076 4229 1211 4300 cybelaeia
1228 4232 1263 4299 A,
1282 4228 1352 4284 cibe·

202 4322 261 4377 leia
279 4322 310 4375 E
364 4323 485 4378 88-179
503 4320 597 4377 ooaD
649 4321 681 4376 91
701 4318 840 4373 multosA
893 4322 925 4374 97
944 4318 1081 4388 imperitas
1099 4320 1127 4372 A
1180 4317 1297 4387 phytona
1315 4319 1351 4385 A,

203 4410 320 4482 phitone
338 4410 370 4463 E
