3217 4950
576 486 704 525 carmen
722 470 821 536 XXXI,
832 473 978 528 240-800.
1284 454 1346 518 317

362 648 455 731 inque
478 648 528 713 die
551 665 677 732 magno,
701 666 781 731 quae
805 666 889 713 nunc
911 646 1082 732 absumpta
1103 652 1251 732 putamus

416 770 554 837 corpora,
578 770 742 818 cernemus
766 770 894 837 surgere
916 756 984 817 tota
1006 753 1074 834 deo,

362 858 450 923 nulla
472 858 521 922 cui
545 860 657 922 natura
679 858 771 941 perit,
794 857 869 939 quia
892 858 1038 939 quicquid
1061 856 1176 941 ubique
1200 862 1248 922 est

414 980 507 1027 omne
530 958 675 1027 creatoris
699 962 854 1027 clauditur
877 962 911 1027 in
932 961 1062 1046 gremio.

365 1084 441 1150 quos
465 1084 547 1149 aqua
569 1064 752 1131 fluminibus
774 1067 948 1150 pelagoque
971 1070 1002 1130 el
1024 1066 1162 1150 piscibus
1185 1066 1301 1147 hausit,

415 1189 493 1254 qnos
516 1170 658 1235 uolucres
683 1175 714 1235 et
736 1188 813 1253 qnos
836 1171 989 1253 diripuere
1012 1170 1108 1251 ierac,

364 1279 491 1340 cunctos
514 1280 598 1340 terra
620 1274 677 1339 deo
700 1273 803 1355 debet,
827 1274 902 1357 quia
924 1293 1001 1358 quos
1024 1292 1107 1363 aqua
1129 1275 1239 1339 mersit

415 1380 507 1446 litore
530 1380 582 1445 uel
604 1380 700 1445 iundo
724 1382 825 1445 strala
846 1380 965 1462 recepit
987 1380 1113 1461 humus,

364 1485 538 1568 quaelicet
561 1503 633 1565 una,
657 1488 763 1549 tamen
788 1502 851 1549 non
873 1502 936 1549 uno
959 1488 1088 1567 sumpta
1109 1485 1283 1569 sepulchro,

419 1606 530 1674 sparsa
551 1589 627 1654 locis
650 1588 745 1653 laceri
769 1588 888 1653 funeris
911 1606 984 1653 ossa
1006 1590 1095 1673 tegit,

366 1698 398 1759 et
419 1694 493 1776 quia
515 1696 719 1777 consumptus
743 1694 838 1757 simul
861 1697 893 1758 et
915 1697 1118 1777 consumptor
1140 1695 1173 1759 in
1195 1711 1257 1760 uno

417 1798 539 1865 telluris
562 1798 683 1883 gremio
706 1802 807 1863 morte
829 1798 950 1864 ferente
973 1798 1100 1880 cedunt,

366 1904 432 1967 sine
454 1922 510 1987 per
532 1904 679 1987 egeriem,
703 1921 764 1985 qua
786 1922 856 1968 sese
880 1903 1028 1968 animalia
1049 1906 1195 1988 purgant,

416 2008 552 2073 reddunt
574 2006 702 2092 digestis
727 2008 871 2073 membra
892 2012 1002 2074 uorata
1024 2007 1113 2088 cibis,

368 2113 543 2179 humanum
566 2131 678 2197 corpus
701 2112 932 2178 transfunditur
955 2132 991 2179 er
1014 2114 1115 2179 alieno

418 2235 545 2301 corpore
568 2236 626 2282 nec
648 2216 751 2301 perdit
772 2218 839 2282 uim
861 2219 977 2302 proprii
998 2219 1131 2303 generis.

368 2322 422 2387 sed
445 2322 518 2387 licet
541 2342 557 2387 e
581 2320 732 2387 membris
754 2324 786 2387 in
810 2322 943 2387 humum
965 2324 1153 2388 transmissa
1174 2323 1286 2388 ferinis.

418 2424 562 2492 membra
584 2426 749 2492 hominum
772 2427 845 2492 uino
868 2428 987 2492 semine
1011 2428 1100 2493 salua
1122 2431 1261 2510 manent,

252 2539 255 2546 '
368 2536 399 2596 et
421 2533 572 2598 moriente
595 2531 671 2613 iera,
695 2534 744 2597 cui
767 2533 847 2597 forte
871 2533 1032 2598 cadaueris
1055 2551 1128 2598 esca

422 2635 554 2701 humani
577 2637 681 2718 luerit,
705 2636 856 2701 diuiditur
877 2638 967 2701 ratio.

368 2758 503 2824 namque
526 2741 644 2805 animal
667 2741 796 2805 rationis
820 2741 913 2805 horno
937 2745 995 2821 est,
1022 2741 1154 2824 ideoque
1177 2746 1210 2806 et
1230 2742 1264 2806 in
1285 2742 1353 2825 ipso

420 2864 473 2910 rex
496 2846 565 2910 aliis
587 2849 728 2929 praestat
750 2863 877 2928 corpore
900 2846 1092 2929 corporibus,

370 2949 452 3014 unde
475 2950 549 3015 licet
570 2951 671 3033 possit
694 2951 790 3016 mutis
815 2950 1004 3015 animalibus
1026 2949 1109 3014 idem

421 3054 537 3138 praeda
559 3054 636 3134 dori,
659 3057 765 3118 tamen
788 3054 839 3119 his
863 3058 945 3120 sorte
968 3055 1050 3119 coire
1074 3058 1176 3138 negat.

370 3159 437 3224 sola
458 3159 641 3242 resurgendi
663 3177 735 3223 caro
757 3163 943 3243 perceptura
965 3160 1117 3242 uigorem,

421 3281 501 3344 quae
524 3263 685 3327 rationalis
708 3280 765 3328 uas
789 3265 914 3328 animae
935 3265 1040 3344 luerit,

370 3369 405 3432 ut
426 3367 573 3431 reducem
595 3367 689 3432 terris
712 3368 851 3433 anir'nam
874 3386 1014 3452 conpage
1036 3369 1154 3434 relecta

423 3472 486 3536 iam
510 3489 572 3537 non
594 3472 721 3555 lapsuro
744 3473 883 3556 tegmine
907 3474 1067 3557 suscipiat,

371 3578 403 3640 et
425 3576 513 3641 uelut
534 3575 585 3640 hic
607 3577 693 3640 omni
715 3595 807 3642 mens
830 3581 862 3641 et
884 3595 955 3642 caro
978 3578 1119 3661 iungitur
1140 3581 1223 3659 actu,

265 3687 327 3746 300
424 3679 469 3745 sic
491 3683 523 3744 et
545 3679 577 3744 in
601 3683 762 3745 aeternam
786 3681 849 3746 sint
871 3683 989 3747 sociata
1011 3683 1105 3762 diem,

258 3907 310 3961 275
332 3905 404 3959 ausit
426 3905 456 3974 T,
479 3903 571 3959 haurit
593 3905 667 3960 1300
737 3907 787 3961 277
812 3905 860 3959 deo
879 3909 950 3960 terra
968 3908 1003 3970 B,
1027 3906 1078 3960 deo
1096 3906 1213 3962 terraO
1282 3905 1356 3975 qnia]

216 3991 304 4047 nelT
353 3989 513 4048 crantore
532 3993 587 4047 BT
636 3993 687 4048 279
707 3992 770 4061 uuo]
790 4008 845 4046 una
862 3993 891 4047 B
943 3993 1044 4062 sumta]
1063 3995 1170 4062 compta
1187 3994 1256 4049 ecci.
1274 3993 1357 4048 Zeeh·

217 4079 322 4134 rodam
384 4080 436 4136 280
453 4077 546 4148 laceri]
565 4079 664 4134 cariT
722 4081 772 4135 281
793 4081 923 4135 uuumT
981 4079 1233 4147 unum-gremium
1251 4081 1358 4134 mauolt

217 4166 393 4222 Zectmdster
444 4167 496 4222 288
514 4181 566 4234 qua
584 4181 639 4219 sese
651 4183 676 4234 e,
694 4181 759 4236 quas
772 4169 800 4220 et
812 4168 848 4234 B,
866 4181 958 4236 quase
974 4166 1005 4236 0,
1024 4183 1077 4235 qua
1088 4181 1146 4220 cero
1161 4166 1186 4221 T
1234 4168 1286 4222 286
1297 4181 1358 4235 per-

217 4251 258 4306 dit
276 4251 331 4305 uim
344 4251 494 4320 experditd
507 4253 535 4306 Β
547 4257 611 4308 m.3
664 4254 714 4310 287
728 4251 905 4323 scilicetsort.
959 4255 1008 4308 291
1025 4269 1087 4306 narn
1100 4253 1138 4321 qd
1149 4253 1175 4308 T
1222 4255 1274 4310 293
1286 4251 1358 4307 unde

218 4339 248 4408 T,
267 4337 329 4393 inde
347 4339 424 4395 BOo
504 4343 593 4408 posset
611 4337 704 4394 multis
725 4341 750 4394 T
825 4342 877 4396 295
895 4339 1027 4410 uigorem]
1046 4343 1087 4393 est
1103 4339 1167 4395 cdd.
1181 4341 1359 4398 recimere

217 4425 267 4481 297
286 4425 375 4478 aniam
394 4427 420 4481 Τ
473 4441 534 4479 cum
553 4441 616 4496 pace
635 4427 663 4480 Β
719 4427 771 4482 298
789 4426 905 4480 tecmine
923 4427 950 4482 B
1002 4429 1054 4481 300
1072 4411 1135 4480 etnd
1153 4425 1196 4482 13¹
1248 4425 1359 4483 sinitO
