3217 4950
586 437 610 492 S.
624 437 757 492 Paulini
776 437 896 492 Nolani
915 439 1062 510 episcopi

354 615 582 697 praescriptum
607 632 720 678 nomen
742 615 886 680 recolunt
906 615 945 680 de
968 615 1065 699 stirpe
1087 619 1263 697 parentum.

355 723 507 801 quantum
530 736 600 784 sera
622 718 699 783 tides
723 720 839 784 ualuit!
862 719 937 802 qnia
959 720 1068 784 dextra
1089 722 1212 785 notamt

272 831 331 886 195
356 823 438 907 qnod
461 841 551 887 mens
574 823 757 903 crediderat,
779 825 899 906 peccati
921 841 1023 907 poena
1044 825 1178 889 remissa
1200 828 1258 889 est.

356 928 520 993 solnnntur
542 928 668 992 cinctae
690 928 795 992 lanata
816 929 967 1013 repagula
988 929 1113 1013 linguae

354 1031 523 1116 respondet
544 1032 608 1096 iam
631 1049 707 1098 noce
730 1050 824 1097 senex
846 1031 1010 1116 proditque
1031 1030 1214 1117 propinquis

354 1139 438 1202 tecta
460 1137 511 1201 din
535 1136 684 1201 mandata
706 1137 755 1202 dei
779 1136 973 1220 spondetque
994 1138 1111 1218 sutura,

355 1241 430 1306 dum
452 1243 613 1306 transacta
634 1240 755 1324 probat.
779 1242 878 1306 talem
900 1242 966 1307 iore
988 1242 1059 1325 quis
1082 1241 1250 1324 dubitaret,

271 1354 333 1410 200
356 1364 450 1428 quem
474 1345 591 1412 domini
613 1345 706 1410 iussis
730 1349 861 1411 naturae
882 1347 953 1432 lege
973 1346 1108 1411 remissa

355 1451 479 1516 insolito
503 1453 610 1516 exortu
633 1451 720 1516 nasci
742 1451 883 1534 potuisse
905 1452 1047 1516 uideret?

355 1557 533 1639 exemplum
556 1556 676 1620 eunctis
700 1555 921 1620 celebrandam
945 1555 1172 1621 incredulitatis

356 1663 427 1725 ante
450 1659 555 1725 oeulos
578 1660 700 1724 eunctis
723 1659 829 1744 posuit
850 1661 902 1724 uel
923 1677 1025 1743 poena
1046 1660 1185 1742 parentis

355 1765 406 1830 nel
422 1765 523 1845 uenia,
540 1767 634 1846 atque
651 1765 764 1828 animis
779 1765 879 1828 instat
895 1763 989 1829 simul
1004 1764 1078 1828 binc
1092 1766 1208 1846 metus,
1223 1764 1297 1830 hinc
1309 1783 1391 1848 spes.

272 1877 332 1932 205
398 1869 517 1934 labitur
539 1869 659 1934 interea
681 1886 832 1932 cunarum
856 1872 997 1951 tempus3
1020 1869 1053 1932 in
1075 1868 1152 1952 ipsis

355 1977 442 2038 extat
464 1972 559 2038 diuini
582 1973 701 2056 species
725 1972 893 2037 manifesta
914 1972 1040 2056 uigoris.

354 2077 523 2142 blanditiae
546 2078 690 2159 risusque
713 2077 808 2142 silent
829 2077 1009 2160 incertaque
1032 2079 1159 2142 cessant

355 2201 531 2258 murmura3
554 2184 685 2248 serietas
708 2183 819 2247 lasciui
841 2183 970 2266 praeuia
991 2201 1103 2247 sensns

354 2287 416 2352 iem
440 2292 548 2353 tenera
570 2287 719 2352 informat
741 2287 883 2352 uenturis
907 2287 1045 2352 moribus
1067 2305 1131 2352 ora.

272 2400 333 2455 210
357 2392 428 2456 inde
451 2391 506 2455 ubi
527 2392 629 2476 prima
650 2411 728 2477 puer
751 2390 857 2457 stabili
880 2391 1017 2477 uestigia
1038 2391 1109 2456 nisu

355 2496 464 2562 fixerat
486 2500 518 2561 et
540 2502 658 2561 certam
682 2498 845 2581 signarunt
865 2497 964 2563 uerba
984 2497 1154 2579 loquelam,

355 2618 422 2667 mos
446 2604 513 2665 erat
536 2605 591 2666 aut
613 2602 713 2666 sancti
735 2602 820 2665 diota
842 2602 1019 2665 auscultare
1041 2602 1181 2683 parentis

355 2708 410 2769 aut
433 2706 634 2787 antiquorum
655 2706 817 2787 praeclara
839 2705 977 2770 ediscere
999 2705 1084 2769 iacta

354 2810 405 2875 uel
429 2826 506 2891 quas
528 2810 595 2893 ipse
618 2809 694 2874 deus
717 2810 803 2893 leges
825 2810 995 2892 interprete
1018 2808 1127 2892 Moyse

273 2923 334 2977 215
358 2914 548 2995 condiderat,
572 2914 651 2977 sacri
674 2930 751 2995 quas
775 2918 881 2979 seruat
903 2914 1018 2997 pagina
1040 2914 1116 2977 saxi.

356 3018 434 3083 haec
457 3021 488 3082 et
509 3036 589 3101 quae
612 3022 754 3083 teneram
777 3016 939 3083 firmarent
961 3022 1065 3083 cetera
1087 3022 1227 3083 mentem

357 3122 514 3188 tractabat
535 3122 690 3197 recolens,
714 3123 923 3205 nequeenim
946 3123 1106 3205 ignorasse
1129 3124 1232 3206 priora

357 3226 541 3306 credendae,
563 3226 689 3291 dederat
711 3226 856 3291 dominus
879 3226 929 3290 cui
951 3244 1045 3291 nosse
1067 3226 1181 3291 futura.

358 3334 390 3395 at
411 3335 578 3414 postquam
600 3330 694 3395 robur
717 3330 867 3396 membris
890 3330 1024 3395 accessit
1045 3329 1085 3395 ab
1108 3349 1186 3395 aeuo

274 3444 336 3499 220
359 3434 446 3518 (nam
470 3454 559 3501 mens
581 3436 675 3517 plena
697 3434 753 3500 deo
775 3435 881 3500 tardos
904 3439 1110 3518 praeuenerat
1131 3435 1255 3519 annos),

356 3540 412 3605 illa
434 3540 493 3605 sibi
515 3540 579 3605 iam
601 3544 670 3605 tum
693 3544 757 3605 stat
781 3541 806 3605 't
827 3540 985 3621 manenda,
1009 3540 1119 3605 docere

358 3662 437 3729 quae
460 3648 621 3727 nequeunt
643 3644 797 3727 homines,
821 3646 916 3710 simul
939 3644 1118 3729 effugienda
1139 3644 1279 3709 ciborum

358 3752 390 3813 et
410 3751 504 3835 potus
527 3752 653 3813 emotae
676 3749 821 3833 contagia
842 3750 935 3814 noxia
957 3749 1050 3814 uitae.

299 4020 348 4074 191
367 4017 505 4087 respondit
523 4018 556 4072 N
557 4017 567 4049 ¹
637 4018 688 4072 202
707 3970 866 4085 0010022202
883 4015 908 4085 (t
922 4035 955 4072 m.
968 4016 996 4085 2)
1015 4018 1048 4071 N
1115 4018 1166 4072 207
1188 4014 1322 4070 blanditia
1343 4016 1398 4069 eris

254 4120 337 4173 nsque
361 4103 405 4159 N¹
485 4104 654 4171 incaertaque
677 4104 710 4157 N
713 4104 722 4134 ¹
794 4106 846 4160 208
868 4103 1015 4157 0001220120
1039 4104 1073 4159 N
1149 4104 1199 4159 211
1223 4102 1331 4156 Eirerat
1347 4103 1382 4158 Ν
1384 4103 1397 4135 ¹

255 4207 314 4245 cera
343 4190 463 4259 signarat
492 4190 525 4245 N
601 4192 652 4245 212
683 4188 831 4243 auscultate
861 4190 908 4246 N¹
990 4193 1042 4246 213
1070 4190 1189 4293 020012το
1219 4188 1320 4243 macore
1349 4189 1397 4245 Νι

254 4306 305 4360 214
323 4303 456 4359 moiseN
506 4305 557 4359 216
575 4306 697 4357 tenerum
717 4302 750 4357 N
798 4304 849 4357 211
868 4302 1039 4358 tractabaN
1088 4301 1241 4372 02002212ι
1287 4304 1397 4356 21920·

254 4388 303 4447 bor
321 4390 366 4446 N¹
436 4392 487 4447 220
505 4407 613 4445 aereum
629 4390 775 4447 0020122211
792 4389 826 4444 Ν
843 4393 909 4444 222
