3217 4950
588 441 613 497 S.
628 441 760 498 Paulini
779 442 900 497 Nolani
919 442 1065 513 episcopi

409 621 604 703 unguentum
628 620 745 703 spirare
768 620 868 700 docet,
891 620 1086 702 spondetque
1108 621 1252 685 sacerdos

347 731 387 787 30
410 726 442 787 et
465 728 582 803 monet,
605 726 641 787 ιιι
663 722 749 809 longi
772 724 910 806 spatium
933 723 994 789 sibi
1015 724 1156 806 postulet
1179 726 1258 789 aeui.

409 828 462 893 ille
485 827 534 891 dei
556 828 620 892 ium
643 831 727 893 totus
751 828 790 892 ad
812 828 904 893 haec:
928 828 1005 893 satis
1026 828 1086 892 hoc
1108 828 1186 893 mihi
1208 830 1336 910 donum,

410 949 470 1015 quo
492 934 607 1015 potior;
631 950 714 997 nune
736 950 822 997 mors
844 932 966 996 lucrum
989 932 1067 997 milri
1088 933 1218 1015 uitaque
1235 932 1392 999 Christus!

364 1070 366 1075 ·
410 1054 480 1101 ecoe
503 1056 559 1120 per
581 1040 744 1101 aeternum
767 1038 859 1101 terris
883 1036 958 1100 data
979 1036 1081 1121 grutia
1103 1035 1277 1102 Christum!

409 1140 461 1205 hie
484 1145 533 1206 ast
555 1140 608 1206 ille
630 1141 710 1205 latro
733 1140 818 1222 felix,
842 1140 895 1222 qni
917 1138 980 1205 fine
1002 1140 1060 1205 snb
1083 1141 1153 1224 ipsa

347 1254 387 1309 35
410 1245 571 1325 censensus
595 1243 755 1311 Christum
777 1245 893 1309 meruit
913 1262 986 1309 reus
1008 1248 1094 1309 astra
1115 1243 1232 1320 fidelis3

410 1349 460 1413 hic
483 1350 615 1414 donatus
638 1348 703 1413 abit
726 1348 826 1413 solide
848 1349 988 1413 mercede
1011 1348 1082 1430 diei,

409 1472 497 1518 serus
520 1453 559 1518 ab
581 1452 748 1519 undecima
769 1453 834 1517 iam
856 1454 1090 1518 mercennarius
1112 1454 1197 1519 hora.

410 1577 483 1643 ergo
506 1561 542 1622 ut
564 1556 725 1623 sanctifica
747 1556 843 1621 nituit
864 1560 1034 1622 renouatus
1057 1556 1097 1621 ab
1120 1558 1214 1638 unda,

406 1664 474 1746 ipse
496 1662 602 1747 groms
626 1664 712 1725 artus
735 1662 768 1725 in
790 1661 897 1726 mollia
919 1660 1020 1725 fulcra
1041 1662 1165 1726 refusus

346 1776 386 1832 40
410 1767 593 1831 unanimam
616 1765 780 1847 alloquitur
802 1767 941 1830 recreato
963 1764 1055 1830 corde
1082 1765 1234 1849 iugalem:

450 1977 573 2041 Aetatis
596 1976 733 2059 spatium
759 1976 860 2039 lustra
881 1992 995 2039 nouem
1019 1973 1108 2055 milri,

409 2100 527 2147 annum
550 2080 615 2145 uite
637 2099 730 2164 super
753 2079 865 2145 ducere
889 2083 1044 2162 coeperat,

409 2187 482 2252 ielix
504 2186 653 2249 unanimo
676 2184 818 2268 coniugio
841 2182 930 2264 mihi,

408 2292 507 2356 dulcis
529 2288 711 2373 pigneribus
738 2289 822 2353 clara
844 2292 876 2353 et
897 2286 1078 2367 honoribus,

346 2406 387 2460 45
412 2400 443 2461 et
464 2414 547 2461 nune
571 2392 730 2460 mortificis
753 2393 840 2457 eluta
861 2390 1005 2456 sordibus

408 2505 516 2566 sancto
539 2500 600 2564 fine
623 2499 711 2582 pium
734 2501 909 2562 transmeat
930 2497 964 2561 in
987 2494 1088 2560 deum.

407 2607 485 2671 haee
508 2605 547 2670 ad
569 2601 667 2668 uerba
688 2602 747 2686 piis
771 2601 879 2666 sedula
901 2600 1025 2666 fletibus

408 2709 550 2789 coniunx,
574 2711 642 2773 oret
664 2706 766 2770 adhuc
788 2706 906 2785 uiuere,
929 2705 1093 2788 supplicat.

408 2819 484 2879 tune
506 2814 572 2878 ille:
597 2830 614 2876 o
639 2811 750 2876 mulier
771 2809 877 2874 nescia
898 2809 974 2891 quid
996 2813 1097 2892 petas,

348 2927 388 2983 5ο
410 2921 475 2983 iam
497 2918 559 2982 seis
582 2934 623 2980 an
646 2917 769 2980 ualeam
791 2914 899 2979 uiuere
921 2917 987 2978 tam
1010 2915 1069 2996 pie,

410 3026 447 3086 ut
468 3021 549 3086 tanti
570 3037 716 3084 maneam
739 3018 878 3084 muneris
901 3018 1044 3101 integer?

410 3126 536 3208 etquid
560 3125 627 3189 uita
649 3125 747 3204 iuuat,
771 3140 833 3206 qua
855 3121 984 3186 moritur
1007 3121 1115 3186 salus?

409 3232 487 3295 haec
509 3233 545 3294 ut
566 3229 655 3293 fortis
679 3228 733 3309 sit,
756 3231 883 3292 toruum
905 3226 1004 3291 oeulis
1028 3226 1148 3290 micans

410 3339 442 3400 et
464 3334 586 3400 caelum
607 3333 729 3415 stupide
753 3331 925 3415 suspiciens
949 3332 1006 3395 ait:

349 3449 387 3505 55
410 3439 626 3505 flammantem
650 3437 740 3501 uideo
762 3437 891 3500 luminis
913 3435 1080 3515 ambitum,

408 3545 441 3608 in
464 3562 558 3626 quern
581 3542 669 3607 nulla
691 3541 777 3605 uenit
798 3541 919 3604 femina
940 3540 1100 3603 circulum.

408 3649 531 3729 ofelix‚
555 3649 603 3712 cui
627 3647 727 3710 adhuc
750 3661 897 3728 corporeo
919 3646 1028 3709 datum

409 3753 525 3818 aeterni
548 3753 682 3835 speciem
707 3769 833 3815 cernere
856 3749 983 3829 saeculi,

356 3949 581 4022 samniam)
634 3947 796 4018 sumno.
810 3947 896 4016 aec).
950 3943 1388 4016 emmerammenses).

296 4139 327 4192 31
348 4134 394 4204 sd]
413 4131 530 4188 hadN¹
587 4129 907 4199 355delisilccelN
961 4126 1144 4184 asabim
1201 4125 1301 4180 solidae
1318 4127 1387 4183 coai.

252 4223 379 4280 Braodcs
435 4223 469 4276 lo
487 4222 569 4275 reato
586 4218 621 4274 N
636 4217 763 4285 (neomuto
778 4219 858 4287 plmc
875 4218 986 4286 scripsit
1003 4233 1036 4271 aa.
1049 4215 1078 4284 3)
1134 4215 1170 4270 44
1187 4212 1332 4268 honeribus
1350 4213 1388 4279 N,

128 4316 131 4322 '
252 4309 378 4364 onombus
396 4311 542 4366 coar.m.3
594 4308 624 4362 51
644 4305 749 4373 integer
767 4305 800 4360 N
855 4305 890 4360 52
907 4302 1003 4373 ecquid
1019 4304 1089 4359 costi.
1102 4301 1229 4357 Brondoe
1280 4301 1315 4356 53
1332 4299 1389 4368 agio

251 4399 316 4466 fort.
370 4399 404 4452 58
421 4395 555 4464 specimen
571 4393 652 4450 Bodl.
