3217 4950
591 406 719 447 cermen
735 392 833 457 ml,
845 396 990 451 525-579.

429 584 485 632 uos
507 568 553 633 ite
574 570 691 634 tristari
713 572 877 654 temquem
898 571 1043 636 hemines
1065 587 1196 643 uecu0s;

377 690 450 740 nem
474 673 501 737 si
523 677 609 738 certe
630 674 708 739 fides
732 674 821 739 uobis
844 676 918 758 quie
939 674 1083 741 Christus
1106 675 1194 739 Iesus

429 780 569 841 mortuns
593 782 641 844 est
663 782 696 843 et
717 798 800 844 nunc
823 780 903 845 uiuit
924 781 957 844 in
981 798 1050 844 erce
1073 779 1134 859 dei,

272 887 332 943 555
377 881 422 945 sic
445 884 477 946 et
499 900 562 962 ecs,
586 883 773 966 quicumque
795 884 856 949 fide
879 884 1005 949 uiuente
1028 884 1203 969 quiescunt,

428 986 561 1052 adducet
584 986 708 1053 Christe
730 1006 803 1053 cum
826 993 988 1053 remeante
1009 990 1107 1071 peter.

375 1090 434 1153 hec
456 1093 573 1157 etenim
595 1092 627 1156 in
650 1092 745 1157 uerbo
769 1093 887 1158 domini
909 1094 1000 1158 decet
1021 1092 1075 1157 ills
1097 1092 1259 1175 magister,

428 1213 489 1277 quo
512 1196 590 1259 duce
613 1197 750 1261 sidereas
773 1197 905 1263 nitimur
925 1198 970 1261 ire
992 1197 1071 1277 uies,

376 1299 458 1381 qued
479 1300 591 1383 quibus
614 1302 646 1365 in
669 1300 793 1367 Christe
816 1301 912 1367 fuerit
933 1303 1025 1367 mede
1047 1301 1114 1365 uite
1135 1303 1272 1383 peruste,

271 1410 333 1468 560
429 1405 529 1469 isdem
552 1423 624 1469 cum
647 1404 771 1471 Christe
794 1407 861 1471 uite
883 1406 1029 1491 perennis
1052 1406 1119 1470 erit

376 1526 510 1591 cumque
533 1510 611 1575 tube
633 1511 760 1595 signum
783 1512 902 1576 demini
924 1510 1124 1576 aduentantis
1147 1508 1187 1575 eb
1209 1509 1273 1573 elte

428 1614 500 1679 sede
522 1616 620 1698 petris
642 1618 787 1701 princeps
810 1616 942 1701 angelus
964 1614 1104 1695 ediderit,

375 1719 470 1801 primi
492 1720 545 1802 qui
566 1720 600 1785 in
623 1718 747 1787 Christe
771 1725 888 1787 mortes
911 1721 1015 1786 obiere
1036 1722 1212 1803 resurgent,

427 1825 548 1907 dignati
571 1842 735 1891 occursum
757 1824 894 1891 nubibus
916 1827 962 1889 ire
984 1826 1051 1889 dec.

273 1936 333 1991 565
378 1946 512 2011 cumque
535 1946 644 1994 omues
666 1931 699 1995 in
721 1948 783 2015 que
804 1933 950 1995 uixeruut
971 1948 1064 1994 cerne
1085 1929 1239 2007 reniueut,

427 2052 489 2098 nou
512 2051 621 2099 omnes
644 2052 735 2099 nerse
757 2052 885 2118 empore
907 2035 1015 2100 lumen
1038 2036 1139 2097 emnt.

376 2156 510 2222 nemque
532 2157 743 2221 resurgemus
767 2139 822 2203 sed
845 2156 908 2203 nen
930 2136 1124 2203 mutabimur
1145 2153 1269 2211 emnem

427 2242 486 2307 hcc
508 2242 676 2307 discrimen
699 2244 758 2307 erit
779 2242 928 2327 gentibus
952 2245 1025 2307 ente
1047 2242 1150 2305 deum.

375 2348 556 2430 incorrupte
576 2347 778 2431 prutenorum
802 2366 924 2430 queque
946 2364 1075 2429 corpere
1097 2348 1227 2430 surgent

271 2458 332 2516 570
429 2470 448 2516 5
470 2451 612 2532 tumulis,
633 2452 727 2536 lenge
749 2452 867 2536 pabule
888 2451 1048 2535 supplicio.

375 2557 441 2622 uite
463 2558 521 2621 erit
542 2557 592 2622 his
615 2557 682 2622 sine
705 2557 766 2622 fine
789 2558 869 2622 meri
891 2561 924 2622 et
945 2575 1029 2622 mors
1051 2557 1157 2620 uiuere
1178 2556 1288 2639 poeuis

427 2665 459 2726 et
480 2662 614 2726 durente
636 2681 709 2726 sues
732 2681 860 2746 pascere
883 2680 976 2727 cerne
998 2679 1116 2726 cruces.

375 2767 442 2849 ipse
466 2785 538 2830 suos
561 2767 683 2848 proprie
705 2769 850 2849 peccetur
872 2783 999 2849 corpere
1021 2766 1130 2849 gignet

427 2871 587 2936 carnifices
610 2871 723 2935 eterit
746 2869 907 2935 uermibus
930 2887 1003 2934 esce
1024 2869 1099 2934 suis.

271 2983 332 3039 575
378 2977 411 3039 55
433 2993 510 3060 quos
532 2975 658 3040 caelesti
680 2976 780 3058 pietus
804 2975 941 3039 euenerit
963 2978 1044 3054 ectu,

426 3079 611 3163 participate
632 3083 743 3163 gerent
766 3083 937 3144 stemmate
957 3097 1030 3162 rege
1052 3078 1110 3143 dec

377 3185 544 3268 uestitique
567 3204 659 3250 suum
683 3185 789 3250 diuirm
812 3185 933 3249 lumine
955 3201 1068 3266 cerpus

427 3291 602 3355 conformes
626 3289 749 3356 Christe
772 3308 898 3372 semper
919 3291 1016 3372 egent
1037 3287 1173 3352 demine.

376 3394 457 3476 qued
480 3413 550 3458 cnm
575 3395 619 3458 ite
642 3393 694 3475 sit,
717 3394 819 3477 cupite
842 3412 878 3456 ex
901 3393 970 3457 istis
993 3392 1107 3457 selecie
1129 3390 1232 3455 uerbis

324 3620 387 3690 555]
405 3620 429 3689 (1
447 3619 506 3676 cor.
522 3623 562 3683 15,
575 3619 627 3690 51).
681 3617 744 3689 see]
762 3618 787 3688 (1
804 3618 1053 3687 5555555155.

264 3831 315 3886 553
333 3829 454 3884 nobirT
521 3830 572 3886 554
591 3827 673 3898 nune]
692 3829 727 3882 nd
745 3828 772 3884 Β
842 3828 894 3882 555
915 3828 944 3880 55
960 3843 1011 3883 cre.
1032 3827 1058 3880 T
1124 3839 1305 3894 queecumqne
1327 3824 1358 3892 Ο,

221 3933 386 3986 quecumque
403 3918 430 3971 Β
484 3918 535 3972 556
553 3915 649 3970 educet
668 3918 693 3970 Τ
743 3914 915 3971 teutonici
933 3915 960 3969 Β
977 3931 998 3969 e.
1011 3915 1029 3967 t.
1042 3918 1107 3968 m.3
1170 3914 1222 3968 558
1240 3909 1311 3978 qued
1328 3911 1357 3965 Β

221 4007 271 4062 560
289 4003 374 4058 isdem
394 4005 425 4072 T,
442 4002 546 4056 hisdem
559 4003 614 4058 ΒΟ
665 4002 809 4072 perhennis
820 4002 876 4056 BT
925 4001 977 4056 563
994 4003 1094 4053 mortes
1111 3997 1199 4052 obiere
1215 4015 1240 4066 c,
1258 4000 1358 4052 mortes

220 4091 293 4146 ebim
315 4092 346 4158 0,
364 4093 449 4145 morte
467 4089 555 4144 subire
573 4091 628 4146 BT
699 4093 749 4146 565
767 4089 854 4144 omnis
871 4089 899 4144 Β
972 4087 1060 4140 uixere
1079 4087 1105 4141 Τ
1174 4087 1315 4153 resurgent
1331 4085 1359 4141 Β

221 4181 271 4234 567
290 4177 454 4232 metebimus
471 4179 499 4233 Β
562 4180 612 4234 569
631 4192 735 4245 quoque
754 4177 806 4244 Te,
825 4189 876 4243 qne
892 4173 948 4230 ΒΟ
1011 4176 1062 4229 570
1080 4173 1108 4243 5]
1126 4173 1201 4228 550
1261 4174 1359 4228 57155

221 4266 363 4322 decedere
380 4271 466 4324 cereri
484 4265 660 4320 Zectmeietcr
722 4265 772 4319 576
790 4264 885 4332 gerent
903 4263 934 4330 T,
952 4263 1046 4330 regent
1063 4260 1138 4318 Boe
1189 4261 1303 4314 55555555
1321 4260 1357 4329 Β,

221 4353 397 4420 etegmate'l'
446 4355 497 4409 576
515 4351 654 4407 55155ί5Τ
1161 4384 1165 4392 ·
