3217 4950
269 367 329 430 136
599 381 625 436 S.
638 380 771 436 Paulini
789 380 910 436 Nolani
928 380 1073 450 episcopi

368 559 479 642 iungat
499 559 668 639 utrumque
691 556 760 621 sibi.
784 555 821 620 fit
843 574 945 638 mane,
968 555 1136 621 reuertitur
1157 556 1263 631 indem

368 661 511 746 perducit
531 665 665 742 nostros,
688 661 811 745 capitur
833 661 893 742 fur,
916 661 1032 744 praeda
1055 661 1198 726 refertur.

286 776 346 832 515
413 767 494 832 forte
517 769 639 832 sacrata
661 764 726 830 dies
750 765 905 830 inluxerat
926 765 980 830 1115
1002 764 1086 830 beati

369 872 507 936 natalem
528 870 629 934 Prisci
650 869 800 950 referens,
823 888 918 952 quem
940 874 971 935 et
992 869 1074 934 Nola
1096 870 1233 936 celebrat

370 975 515 1060 quamuis
536 975 590 1039 ille
613 975 673 1039 alia
694 973 869 1039 Nucerinus
893 974 1055 1057 episeopus
1079 973 1155 1038 urbe

370 1079 494 1144 sederit.
518 1096 589 1143 ecoe
611 1079 713 1162 ipsam
737 1078 837 1143 sancti
859 1078 972 1142 Felicis
994 1079 1026 1142 iu
1049 1078 1165 1160 aulam,

206 1267 211 1275 ³
371 1201 464 1267 quam
487 1187 564 1247 tunc
586 1183 730 1248 sollemni
751 1183 886 1266 populus
909 1183 1040 1266 stipauit
1061 1183 1188 1264 honore,

288 1298 349 1353 520
371 1290 443 1373 post
464 1305 554 1352 secra
575 1287 638 1350 iam
660 1287 802 1352 soluente
824 1287 892 1371 pios
915 1287 1057 1352 antistite
1080 1291 1186 1353 coetus

370 1374 658 1476 tempore'prouiso
681 1387 829 1456 diuinitus
854 1390 1041 1476 egredientis

369 1494 472 1580 plebis
495 1496 528 1559 in
551 1514 713 1561 occursum
736 1495 841 1561 subito
863 1495 1069 1560 introducitur
1091 1496 1144 1561 ille

371 1601 493 1666 furaces
515 1603 588 1683 post
608 1604 699 1684 terga
720 1619 834 1665 manus
858 1599 974 1664 nodata
995 1600 1164 1664 reuinctus,

370 1703 491 1770 laetitia
512 1705 656 1789 populus,
678 1704 844 1770 formidine
867 1704 981 1788 praedo
1003 1705 1151 1788 repletur,

288 1819 349 1874 525
372 1815 469 1891 utque
491 1826 609 1874 nouum
632 1809 673 1872 ad
694 1811 870 1873 monstrum
893 1811 960 1873 tota
982 1811 1173 1874 concurritur
1196 1808 1282 1874 urbe.

372 1914 465 1979 turba
487 1914 593 1979 furens
616 1913 693 1977 odiis
716 1913 918 1997 popularibus
942 1911 1009 1978 ibat
1031 1914 1064 1978 in
1086 1913 1187 1996 illum,

371 2019 494 2084 laetitia
514 2017 649 2082 incertos
673 2016 827 2082 miscebat
849 2021 881 2082 et
902 2017 948 2082 ira
969 2018 1135 2083 tumultus,

372 2123 530 2207 pertimui,
552 2124 662 2204 fateor,
685 2141 725 2186 ne
747 2122 827 2187 forte
850 2121 991 2187 diabolus
1014 2122 1068 2188 illa

374 2246 436 2312 qua
458 2228 538 2293 solet
559 2227 679 2292 inuidia
700 2228 831 2292 uiolaret
854 2229 1006 2312 sanguine
1029 2245 1177 2312 pompam

293 2342 354 2397 530
378 2336 410 2397 51
429 2332 534 2415 pciore
556 2331 642 2414 prius
666 2335 789 2396 curaret
811 2331 940 2396 uulnere
963 2333 1088 2396 uulnus

375 2436 505 2521 eripitur
526 2437 640 2519 populo
663 2436 802 2519 cellaque
825 2436 994 2503 includitur
1017 2436 1095 2521 ipsa,

375 2542 457 2626 quod
479 2542 525 2605 sic
545 2542 625 2607 forte
648 2558 700 2606 reo
724 2545 814 2625 cepto
837 2544 913 2607 tunc
936 2542 1055 2623 accidit,
1078 2544 1110 2607 in
1133 2561 1194 2626 qua

375 2645 499 2710 delituit
519 2648 610 2729 rapta
631 2663 737 2722 cruce;
759 2664 823 2728 qua
844 2650 915 2729 post
935 2647 1002 2730 ipse
1025 2646 1147 2730 reperta

375 2750 540 2831 clauditur,
564 2753 599 2814 ut
621 2751 718 2814 uiuat,
742 2755 819 2815 tune
842 2768 915 2835 ergo
937 2755 974 2816 ut
996 2756 1102 2816 mente
1125 2754 1250 2835 recepta

292 2865 353 2919 535
376 2858 443 2939 1555
466 2874 558 2920 suum
581 2855 701 2920 facinus
724 2874 795 2920 rcus
819 2860 912 2939 atque
935 2856 1097 2922 obstacula
1118 2857 1218 2940 eoepit

376 2960 527 3024 mirandis
549 2978 675 3024 namarc
698 2960 809 3040 modis,
832 2961 996 3043 lassusque
1019 2980 1074 3043 per
1096 2961 1166 3025 illos

377 3067 445 3129 coto
469 3064 616 3128 decemue
638 3064 716 3144 dice,
739 3064 853 3147 quibus
877 3065 922 3129 ire
944 3068 1110 3149 parauerat
1132 3064 1242 3129 urbem

376 3168 572 3249 Romuleam,
595 3168 742 3251 inplicitis
764 3170 809 3233 ita
832 3188 866 3233 se
888 3169 1017 3252 pedibus
1040 3174 1241 3250 retroactum,

378 3291 501 3356 semper
524 3275 560 3336 ut
581 3273 625 3337 irc
647 3291 772 3355 555555,
796 3292 920 3357 semper
941 3273 1120 3339 retrahente
1143 3274 1257 3339 rediret

294 3386 355 3441 540
378 3378 482 3443 555510
505 3396 566 3459 quo
588 3396 757 3460 rursusque
780 3378 869 3443 illam
892 3382 1045 3443 remearet
1068 3379 1106 3442 ad
1129 3396 1217 3442 orem

377 3482 503 3563 Voconi,
526 3500 588 3565 qua
610 3483 713 3547 iussus
737 3487 804 3547 erat
826 3484 915 3565 quasi
937 3501 1060 3547 carcere
1083 3482 1185 3547 claudi

378 3586 519 3669 angelica
541 3590 685 3652 nectente
708 3605 818 3662 manu3
842 3589 948 3652 tamen
971 3587 1023 3651 ille
1046 3586 1177 3670 putabat

378 3688 502 3754 arbitrii
524 3690 620 3755 miser
642 3709 711 3755 esse
734 3692 792 3770 sui,
816 3691 898 3772 quod
921 3709 1047 3774 corpore
1068 3690 1149 3757 liber

320 3983 371 4038 514
389 3987 511 4036 nostrum
529 3986 594 4052 fort.
661 3986 711 4039 515
730 3982 854 4038 illuxerat
872 3985 903 4039 E
964 3986 1015 4041 516
1033 4000 1111 4052 quem
1130 3988 1157 4038 et
1173 4002 1207 4041 cc
1223 3986 1415 4053 5551541153,

276 4085 356 4137 quem
368 4072 442 4125 Mur.
496 4074 547 4127 519
560 4069 716 4125 solemniE
766 4070 879 4139 51155511
891 4071 956 4140 AD,
975 4070 1135 4140 stipabatE
1187 4074 1238 4127 523
1249 4073 1415 4141 postergaD

276 4156 444 4212 5250rbeD
495 4161 546 4214 527
558 4158 674 4213 incertos
686 4158 752 4227 AD,
771 4158 887 4213 maestos
900 4159 931 4213 E
981 4161 1032 4215 528
1045 4156 1208 4214 diabulusA
1261 4158 1413 4228 53051155]

276 4243 378 4297 malum
400 4245 463 4299 odd.
481 4246 539 4300 AD
626 4248 677 4301 533
699 4246 758 4314 ipsa
780 4247 809 4300 D
897 4248 947 4301 534
970 4252 1001 4299 ut
1023 4246 1088 4313 AD,
1113 4264 1164 4302 em.
1186 4246 1216 4300 E
1295 4247 1344 4301 541
1368 4244 1413 4299 be·

276 4329 349 4384 saeui
366 4332 424 4385 AD
