3217 4950
590 451 616 505 S.
629 451 763 505 Paulini
781 450 903 504 Nolani
920 451 1067 521 episcopi

463 626 667 713 temporibus,
690 626 828 692 subeunt
849 628 956 691 omnia
977 626 1094 711 ubique
1116 644 1207 693 noua.

413 734 539 815 iamque
560 732 701 797 renotata
723 732 802 797 iacis
826 731 1025 815 speculamur
1048 735 1190 815 apertum

464 837 498 903 in
520 836 644 902 Christo
666 836 810 919 propriae
833 836 911 901 lucis
933 836 1051 901 honore
1074 836 1177 903 deum.

413 950 444 1007 et
465 945 541 1026 puto
564 942 646 1024 quod
669 942 760 1005 scissi
782 941 814 1005 in
837 941 956 1025 templo
978 942 1129 1025 mysteria
1150 942 1213 1007 usli

308 1056 370 1111 360
465 1047 496 1111 id
519 1064 641 1128 qnoque
664 1046 829 1130 signarint,
852 1046 953 1130 gratia
976 1046 1056 1127 quod
1080 1046 1199 1111 tribuit

412 1169 487 1217 nam
510 1151 610 1215 ueluti
632 1152 724 1235 rupto
746 1155 878 1234 patuere
900 1150 1036 1215 sacraria
1056 1151 1138 1232 uelo,

466 1256 511 1321 sic
532 1258 652 1321 reserat
675 1254 764 1320 nobis
787 1255 867 1339 legis
890 1258 999 1337 operta
1020 1253 1108 1319 tides.

411 1360 484 1425 inde
507 1358 566 1425 snb
590 1359 718 1441 antiqno
740 1359 856 1443 legitur
878 1359 1035 1425 uelamine
1056 1358 1184 1444 Moyses

465 1463 589 1529 Indaeis
611 1463 727 1528 nebula
749 1463 850 1529 cordis
873 1466 1000 1547 opertus
1023 1463 1135 1545 adhuc,

300 1577 360 1631 365
406 1586 503 1653 quam
526 1569 565 1634 de
586 1568 759 1633 luminibus
783 1568 899 1633 mentis
921 1568 1000 1633 milri
1022 1568 1159 1634 creditus
1181 1569 1285 1635 aulert

467 1672 622 1754 Christus,
646 1672 848 1737 adumbratas
871 1673 1043 1737 discutiens
1066 1674 1185 1757 species

414 1796 509 1861 seque
532 1778 645 1843 docens
668 1778 771 1861 prisca
794 1778 934 1841 uelatum
955 1778 1034 1861 legis
1057 1778 1090 1843 in
1113 1778 1225 1843 umbra

464 1883 590 1965 iamque
612 1882 788 1947 reuelatum
811 1883 948 1965 corporis
970 1882 1002 1967 in
1025 1882 1116 1963 iacis,

413 1987 538 2071 qualem
562 1986 727 2071 praemissi
750 1988 931 2052 cecinerunt
953 1987 1060 2051 adfore
1081 1990 1183 2068 natas,

308 2100 370 2155 370
467 2092 569 2174 qualis
593 2090 771 2173 apostolicis
795 2108 901 2155 coram
923 2091 1022 2155 oculis
1043 2092 1156 2174 patuit,

413 2196 537 2279 qualem
561 2200 593 2260 ct
615 2195 722 2260 Iudaei
744 2212 807 2260 non
829 2214 1014 2279 perspexere
1037 2195 1178 2261 uidentes

466 2298 626 2365 montibus
649 2298 793 2364 obtunsis
816 2299 978 2382 impietate
1003 2318 1072 2380 sua,

415 2408 446 2470 ct
467 2405 604 2489 qualem,
628 2404 772 2487 quamuis
796 2422 859 2469 non
882 2404 987 2468 uisum
1009 2404 1043 2469 in
1064 2422 1192 2488 corpore
1215 2405 1315 2489 nobis,

466 2510 619 2576 credendo
642 2510 764 2574 interno
787 2510 907 2574 lnmine
929 2510 1148 2593 conspicimus.

308 2624 370 2680 375
415 2633 490 2681 nam
512 2614 596 2697 qnod
618 2614 746 2678 uoridici
769 2631 839 2678 sese
861 2613 979 2678 uidisse
1002 2615 1146 2700 magistri

466 2722 498 2784 et
518 2718 665 2803 palpasse
688 2719 812 2799 docent,
835 2723 931 2804 tango
953 2717 1014 2783 lide
1036 2724 1069 2784 et
1091 2719 1190 2786 uideo.

417 2827 447 2889 et
470 2825 590 2889 cunctis
613 2823 766 2888 credendo
788 2826 877 2908 patet
898 2841 1085 2907 cognoscere
1108 2823 1270 2890 Christum

465 2929 563 3012 impia
584 2931 764 2993 caecantem
787 2932 914 3013 pectora
935 2928 1082 3012 perfidiae

414 3033 660 3115 fundentemque
683 3051 774 3098 suam
796 3051 852 3116 per
874 3033 968 3097 corda
989 3031 1094 3098 fidelia
1116 3034 1229 3114 lucem,

308 3146 370 3202 380
466 3141 503 3203 nt
524 3137 654 3220 placitas
675 3136 797 3202 habitet
820 3137 1032 3219 clarificetque
1054 3136 1187 3204 animas.

416 3259 500 3327 ergo,
524 3241 587 3306 mei
609 3242 732 3324 tratres,
755 3260 829 3306 mea
850 3259 935 3323 cura,
957 3260 1066 3307 meum
1088 3260 1150 3324 cor,
1173 3243 1206 3308 in
1227 3242 1290 3308 ista

467 3349 645 3414 maerentes
668 3347 790 3413 animos
813 3345 980 3413 laetificate
1003 3347 1074 3412 tide.

414 3453 521 3536 pellite
545 3452 704 3517 tristitiam
727 3452 843 3518 dociles
865 3452 983 3536 pietate
1005 3451 1091 3517 fideli

466 3557 661 3639 fidentesque
685 3557 741 3622 deo
764 3556 917 3622 laetitiam
940 3556 1068 3622 induite.

363 3764 425 3835 357]
445 3764 484 3833 (Η
502 3764 600 3830 (tore,
615 3765 664 3834 18).
719 3766 783 3835 363]
802 3765 858 3834 (Ex.
871 3767 914 3828 34,
928 3765 979 3833 33).

302 3951 353 4006 357
372 3948 540 4018 speculnmen
559 3949 596 4004 Τι
650 3950 702 4005 360
720 3949 897 4017 signarentT
945 3951 997 4004 363
1013 3947 1191 4018 tegitnrfort.
1244 3950 1295 4004 365
1313 3947 1401 4004 aufert

260 4061 466 4131 Τ,6676ι·680,
479 4061 584 4119 afferto
637 4065 687 4118 367
701 4062 840 4133 666666Τ,
853 4061 1016 4118 doeetBOo
1068 4063 1119 4118 369
1132 4061 1213 4115 affore
1226 4063 1257 4129 Τ,
1269 4060 1400 4130 6666660

259 4151 307 4205 37]
329 4153 356 4203 et
378 4151 476 4206 66613
563 4153 614 4206 372
633 4148 736 4204 obtusis
756 4151 782 4205 T
866 4152 916 4204 375
935 4149 1017 4218 6666]
1040 4164 1119 4217 quem
1137 4167 1207 4205 corsa
1224 4150 1402 4205 locamur

259 4236 384 4290 ueridicis
406 4252 461 4290 6666
484 4237 535 4302 13¹,
563 4237 692 4291 neredicis
715 4253 770 4290 6666
793 4235 817 4292 Ο
885 4238 936 4292 376
959 4239 1034 4290 tanto
1052 4235 1095 4290 13¹
1163 4234 1254 4306 uideo]
1279 4235 1404 4291 66666Τ

260 4325 311 4380 378
323 4323 433 4392 perfidie
444 4325 480 4392 Β,
493 4323 604 4393 pertidia
621 4343 638 4380 6
690 4327 741 4380 330
752 4322 871 4393 placidas
883 4325 910 4378 Β
963 4325 1014 4379 382
1026 4321 1153 4376 letificare
1165 4323 1202 4391 B,
1218 4321 1364 4377 laetificata
1378 4321 1401 4378 0

258 4410 311 4466 383
328 4409 405 4480 pellit
423 4414 450 4464 et
467 4410 494 4464 B
