3217 4950
595 481 722 520 narnien
741 465 787 528 Vl,
807 467 953 520 aso-311.
1308 447 1346 510 17

313 643 344 708 in
367 646 512 725 promptu
535 643 628 706 uenia
651 645 708 722 est,
732 645 876 706 sanetum
899 645 988 724 patet
1010 659 1081 706 eone
1102 641 1275 721 lauaerum,
1368 729 1371 733 ,

312 747 392 830 quod
414 751 545 811 renouet
567 747 665 810 uitam
688 750 874 828 ueteresque
897 746 1053 811 oblitteret
1076 748 1163 810 aetus

222 859 288 915 286
313 851 453 934 quodque
477 869 574 916 nouos
598 851 740 915 homines
763 851 868 914 faeiat.
893 851 966 933 quid
989 851 1167 933 quaerimus
1190 851 1293 916 ultra?

312 959 470 1021 ettamen
493 956 622 1020 ulterior
644 955 737 1020 uenia
760 959 817 1034 est,
841 955 1007 1019 uiolauerit
1027 955 1111 1020 ullus

312 1061 370 1125 hoo
393 1077 514 1143 qnoque
536 1060 655 1143 polluto
678 1060 842 1143 prolapsus
865 1077 993 1143 eorpore
1015 1058 1141 1125 donum.

312 1183 502 1247 quamquam
525 1164 588 1228 iam
611 1165 727 1228 nimius
750 1164 843 1248 longe
865 1165 1052 1246 prooesserit
1073 1181 1168 1244 error,

313 1269 433 1352 desinat
456 1272 488 1334 et
509 1269 625 1334 redeat.
650 1287 722 1332 oum
745 1287 778 1332 se
802 1269 999 1332 damnauerit
1021 1270 1097 1352 ipse,

222 1381 289 1436 290
313 1373 434 1438 absolui
458 1373 586 1442 meruit:
610 1373 636 1437 si
659 1374 807 1454 paenitet,
831 1373 926 1438 inrita
949 1373 1041 1456 eulpa
1063 1377 1120 1438 est,

313 1495 435 1558 onere,
459 1477 540 1560 quod
564 1477 620 1558 eie,
644 1478 765 1560 pondus
788 1477 859 1542 leue
881 1477 1025 1560 quodque
1049 1478 1194 1542 cohaeret

313 1600 408 1646 suaue
430 1582 550 1665 iugum,
574 1582 688 1646 totiens
711 1580 833 1646 homini
855 1600 927 1646 oum
950 1583 1122 1665 ignoscitur
1143 1582 1212 1656 uni3

313 1689 473 1751 ettamen
497 1705 647 1766 erramus
671 1685 741 1750 finis
765 1705 823 1750 neo
846 1687 985 1750 oriminis
1009 1685 1091 1750 ullus

311 1791 448 1855 humano
471 1792 587 1874 generi.
626 1791 681 1854 sed
703 1791 816 1854 erescit
837 1791 906 1855 laus
928 1794 997 1866 tua;
1020 1807 1094 1855 nam
1118 1806 1178 1872 quo

223 1902 289 1958 295
314 1896 412 1960 maior
434 1897 526 1978 eulpa
548 1896 603 1976 rei,
626 1896 782 1980 parcentis
805 1895 904 1978 gloria
926 1894 1033 1959 maior.

312 1985 416 2083 grates
440 2017 513 2082 ergo
536 1998 594 2064 bibi
616 2000 731 2064 referat
754 2017 843 2064 mens
867 1999 969 2063 omnis
992 2003 1024 2063 et
1045 1992 1148 2064 omnis

312 2104 418 2186 lingua
441 2107 542 2184 canat,
566 2107 780 2186 quantumque
803 2106 908 2187 potest
929 2103 1069 2168 bumana
1090 2121 1239 2187 propago,

313 2208 339 2272 si
361 2208 517 2290 placuisse
540 2209 659 2290 nequit,
682 2207 749 2273 fieri
771 2208 822 2272 uel
846 2211 937 2292 grata
958 2207 1088 2273 laboret.

312 2312 460 2394 panditur
482 2313 672 2392 inmensum,
696 2313 723 2376 si
746 2312 857 2378 demus
880 2311 961 2393 uela,
983 2311 1176 2394 profundum

223 2425 290 2482 300
312 2417 343 2481 in
365 2417 484 2499 laudes
508 2421 595 2501 pater
619 2417 709 2499 alme,
734 2420 820 2492 tuas;
843 2416 898 2481 sed
921 2417 1045 2483 oonsoia
1066 2417 1147 2483 tanti

314 2540 402 2586 mens
425 2522 527 2587 oneris
550 2522 687 2604 trepidat
709 2523 911 2607 propriasque
934 2522 1016 2587 houd
1040 2522 1141 2587 insoia
1162 2523 1243 2587 uires

314 2627 448 2692 oonsulit
470 2632 502 2691 et
524 2628 625 2711 dignis
648 2628 751 2711 potius
774 2627 906 2691 dioenda
928 2627 1088 2709 relinquit.

355 2731 522 2795 reddamur
545 2733 678 2816 coeptis:
703 2750 780 2814 opus
804 2732 863 2795 hoe
884 2730 953 2811 tibi,
977 2734 1083 2795 saneta
1107 2729 1274 2811 Iohannes,

314 2854 373 2917 quo
395 2853 527 2901 renones
549 2854 643 2919 puras
666 2835 774 2900 abluto
798 2853 924 2917 corpore
947 2838 1079 2899 mentes.

225 2948 290 3004 305
315 2957 376 3004 non
399 2940 476 3005 haee
498 2940 599 3025 prima
622 2939 708 3005 dedit
730 2940 848 3005 domini
870 2940 1035 3019 sententia,
1058 2942 1174 3021 quate

315 3045 477 3110 admonuit
499 3044 617 3123 oluram
641 3045 770 3109 mittens
792 3064 849 3126 per
872 3043 980 3109 nubila
1003 3061 1123 3123 uooem,

316 3150 437 3213 saecula
461 3150 561 3214 multa
583 3150 668 3233 prius
692 3150 792 3213 saneti
816 3148 891 3213 deus
915 3166 967 3213 ore
990 3150 1112 3213 loeutus

315 3252 414 3317 Isaiae
437 3254 529 3333 uatis,
553 3254 665 3319 ueteris
689 3254 742 3335 qui
765 3254 920 3318 maximus
944 3256 1027 3318 aeui:

316 3358 449 3438 mittam,
473 3358 527 3437 ait,
550 3362 622 3422 ante
645 3362 715 3422 tuos
739 3358 855 3436 oeulos,
879 3375 896 3421 o
921 3362 1005 3438 nate,
1028 3357 1220 3433 ministrum,

226 3471 292 3527 310
317 3463 369 3545 qui
392 3466 589 3527 sentosarum
612 3480 749 3545 purgans
773 3464 918 3527 concreta
939 3462 1063 3525 uiarum

314 3566 474 3651 gressibus
496 3567 548 3631 ille
572 3567 634 3631 tuis
658 3566 756 3631 oelsos
780 3566 943 3630 subsidere
966 3570 1100 3644 montes,

315 3765 377 3835 eos]
397 3764 450 3833 (us.
462 3768 505 3829 ro,
518 3766 542 3819 a.
555 3765 591 3833 4).

254 3958 569 4027 284quodesquoq;N
579 3960 645 4011 m.2
696 3956 845 4022 ueterisque
857 3956 890 4010 N
894 3954 903 3985 ¹
957 3952 1129 4010 287d0mum
1142 3954 1175 4008 N
1179 3953 1188 3984 ²
1241 3954 1352 4021 totpo-

208 4046 295 4101 rentis
314 4046 346 4100 N
395 4047 447 4101 296
465 4044 550 4113 gratis
568 4045 599 4099 N
659 4046 709 4098 297
728 4042 844 4095 hamana
863 4042 895 4096 N
952 4043 1004 4097 298
1021 4039 1120 4107 nequid
1138 4040 1172 4093 N
1174 4040 1183 4070 ¹
1236 4038 1352 4141 209,οψ

208 4175 270 4215 mos
292 4159 337 4213 N¹
408 4157 468 4211 uela
490 4174 523 4213 es
544 4156 573 4209 ul
595 4172 611 4209 a
632 4157 665 4210 N
681 4160 745 4210 ma
815 4157 866 4209 300
885 4152 980 4207 euodes
1000 4153 1043 4208 N¹
1112 4154 1162 4207 301
1182 4152 1352 4220 propriasque

208 4250 229 4317 (¹
243 4244 364 4313 metm
415 4244 504 4299 autN
554 4246 604 4299 302
617 4240 731 4310 reliquid
743 4242 776 4297 N
779 4240 788 4272 ¹
841 4242 893 4296 303
906 4240 1028 4294 iohannis
1037 4240 1070 4294 N
1073 4238 1083 4269 ¹
1135 4240 1187 4293 304
1199 4238 1296 4292 mentis
1308 4238 1340 4294 N
1342 4238 1352 4269 ¹

207 4336 264 4392 306
282 4332 431 4387 ammonuit
448 4332 481 4386 N
539 4330 641 4383 elerum
661 4330 692 4385 N
695 4330 705 4361 ¹
766 4330 818 4385 308
840 4332 915 4383 uates
943 4328 976 4382 N
978 4328 988 4358 ¹
1048 4327 1100 4381 310
1118 4340 1236 4395 purgans
1253 4325 1352 4396 Luget,

207 4437 310 4495 purum
327 4420 361 4475 N

264 4515 327 4559 ΠΧ.
338 4514 422 4558 Paulini
434 4514 482 4557 Nol.
493 4512 592 4557 munius.
1112 4504 1128 4554 2
