3217 4950
611 460 740 499 carmen
758 445 870 511 XXXII,
883 448 977 502 8-59.

329 622 531 705 philosophos
554 622 680 687 credam
702 623 870 705 quicquam
892 622 1020 687 rationis
1042 622 1169 703 habere,

331 726 384 809 qui
407 727 527 793 ratione
549 729 667 807 carent,
689 726 805 810 quibus
828 730 878 792 est
899 727 1053 809 sapientia
1073 730 1177 791 uana?

331 834 405 895 sunt
427 830 537 915 Cynici
559 830 688 895 canibus
712 832 842 912 similes,
866 832 949 915 quod
970 832 1097 895 nomine
1118 831 1269 915 produnt3

272 941 312 998 35
336 938 410 1001 5555
431 939 464 1000 55
486 938 642 1001 sectantes
665 936 777 1002 incerti
799 936 914 1019 dogma
935 934 1086 1016 Platonis,

332 1058 410 1122 quos
434 1040 577 1123 quaesite
599 1040 651 1105 din
674 1041 798 1105 animae
821 1040 999 1105 substantia
1020 1040 1138 1121 turbat,

330 1147 501 1209 tractantes
524 1162 648 1227 semper
670 1163 728 1209 nec
750 1144 879 1209 definire
902 1145 1055 1226 ualentes,

332 1248 414 1313 unde
437 1248 576 1313 Platonis
600 1253 709 1315 amant
731 1250 769 1313 de
792 1250 899 1314 anima
921 1249 1097 1315 describere
1118 1249 1244 1329 librum,

331 1354 386 1436 qui
407 1356 531 1435 praeter
554 1354 682 1419 titulum
705 1354 750 1418 nil
773 1354 852 1418 certi
873 1354 1014 1419 continet
1034 1355 1129 1419 intus.

268 1467 309 1521 40
332 1460 406 1522 sunt
428 1458 525 1522 etiam
547 1458 676 1541 Physici
699 1462 830 1523 naturae
852 1460 980 1523 nomine
1002 1459 1087 1539 dicti,

331 1580 409 1645 quos
433 1563 564 1645 antiqua
585 1563 674 1629 iuuat
697 1562 781 1628 rudis
804 1566 899 1644 atque
921 1563 1080 1627 incondita
1103 1564 1177 1626 uita.

331 1686 468 1749 namque
491 1686 571 1733 unus
594 1668 741 1732 baculum
764 1668 921 1749 quondam
945 1671 976 1732 et
998 1686 1055 1731 uas
1078 1668 1174 1731 fictile
1196 1671 1335 1749 portans,

332 1773 408 1837 utils
431 1773 513 1855 quod
537 1774 639 1838 solum
662 1774 826 1854 solumque
848 1776 974 1855 putaret
996 1772 1185 1852 habendum,

331 1876 408 1941 illud
432 1881 467 1942 ut
488 1878 605 1957 auxilii,
629 1877 687 1941 hoc
710 1880 793 1941 esset
817 1894 914 1941 causa
934 1876 1073 1957 bibendi,

268 1987 309 2045 45
333 1998 404 2045 cum
428 1984 512 2046 stare
535 1982 705 2065 agricolam
728 1980 936 2063 manibusque
958 1981 1084 2045 haurire
1106 1982 1227 2064 supinis

333 2086 487 2168 potandas
510 2086 643 2150 uidisset
664 2103 772 2167 aquas,
796 2104 853 2150 uas
876 2086 973 2149 fictile
994 2086 1098 2169 fregit,

331 2208 391 2272 qno
414 2191 521 2272 procul
544 2188 664 2255 abiecto
687 2190 879 2255 remouenda
900 2189 1058 2272 superflua
1079 2190 1165 2253 dixit

330 2295 465 2357 rusticus
489 2295 572 2359 hunc
595 2294 700 2359 docuit
722 2294 805 2376 qnod
828 2313 974 2377 spernere
994 2297 1102 2376 posset
1123 2298 1155 2358 et
1176 2294 1268 2357 istud.

330 2398 363 2462 hi
386 2417 487 2481 neque
509 2400 583 2463 uina
607 2398 718 2463 bibunt
741 2418 798 2463 nec
821 2400 906 2463 nictu
929 2400 1019 2483 panis
1043 2400 1169 2464 aluntur

269 2511 308 2566 50
331 2523 388 2568 555
411 2507 491 2570 15555
513 2503 667 2569 55555555
690 2523 746 2568 555
769 2505 888 2587 frigora
909 2504 1051 2570 uestibus
1074 2508 1183 2569 arcent

330 2610 508 2692 ingratique
530 2610 587 2674 deo
611 2627 689 2691 qnae
712 2610 870 2692 praestitit
891 2609 944 2674 ille
966 2613 1123 2674 recusant.

374 2713 448 2795 quid
471 2713 573 2778 dicem
597 2714 723 2778 diuersa
745 2733 835 2778 sacra
856 2718 889 2777 et
910 2714 958 2778 dis
980 2717 1075 2795 atquc
1098 2713 1215 2777 deabus

334 2819 459 2882 condita
481 2819 608 2900 templa.
633 2819 742 2902 loquar
765 2836 846 2900 qnae
868 2818 933 2882 sint
954 2816 1107 2901 Capitolia
1128 2819 1279 2901 primum:

332 2923 380 2987 his
404 2923 481 2988 deus
503 2921 580 3007 <555>
602 2940 739 3004 uxorque
762 2923 822 3003 dei,
845 2924 1009 3005 ipsamque
1032 2941 1170 2986 sororem

270 3034 308 3088 55
332 3045 401 3090 5555
424 3027 544 3106 551555,
568 3044 663 3108 quam
687 3027 844 3110 Vergilius
867 3030 956 3091 notat
977 3031 1085 3091 auctor
1107 3044 1215 3090 eornm

332 3131 462 3195 dicendo
485 3135 521 3194 et
543 3147 647 3196 soror
670 3134 707 3195 et
729 3131 897 3196 coniunx.
922 3131 993 3214 plns
1016 3131 1055 3194 de
1077 3131 1153 3194 Ioue
1175 3130 1275 3195 fertur

331 3239 364 3299 et
386 3239 493 3299 natam
517 3238 676 3318 stuprasse
700 3253 790 3300 suam
814 3236 963 3317 fratrique
985 3235 1118 3314 dedisse,

333 3343 430 3422 utque
453 3339 530 3405 alias
553 3343 690 3423 caperet,
712 3341 871 3422 propriam
894 3339 1034 3404 nariasse
1056 3339 1204 3423 figuram:

333 3462 416 3508 nunc
438 3462 577 3528 serpens,
601 3463 685 3511 nunc
708 3448 817 3510 taurus
840 3446 917 3525 crat,
940 3463 1025 3510 nnnc
1046 3463 1165 3528 cygnos
1189 3449 1221 3508 et
1244 3444 1334 3508 arbor

274 3617 307 3672 32
325 3614 491 3686 philosophis
509 3617 536 3672 A
598 3618 632 3671 34
651 3573 760 3685 cynidD
822 3619 855 3672 37
875 3615 989 3670 definere
1007 3617 1034 3672 A
1087 3616 1207 3671 ualentes
1225 3617 1261 3685 A,
1279 3615 1371 3670 uolen-

228 3703 308 3758 tesD
355 3705 390 3758 39
399 3703 504 3758 nihilA
551 3705 586 3759 40
596 3703 674 3773 fysici
684 3705 742 3758 AD
787 3705 823 3760 42
831 3707 941 3774 portans
949 3705 1086 3760 inruaD
1131 3705 1167 3758 43
1175 3706 1285 3772 putarat
1293 3703 1369 3758 moe.

228 3793 262 3846 44
281 3789 371 3846 anxilii
390 3793 469 3858 atque
487 3791 538 3846 hoc
556 3792 631 3848 Mar.
697 3793 732 3848 45
750 3794 835 3846 staret
851 3790 968 3860 agricola
985 3792 1057 3860 AD,·
1074 3791 1210 3846 ceaddae.
1277 3791 1312 3846 47
1330 3807 1371 3844 55-

228 3877 360 3932 mouendo
378 3879 448 3942 AD,·
465 3879 604 3934 555155.
668 3881 702 3934 48
720 3880 858 3948 sperneret
875 3879 901 3932 A
967 3881 999 3934 51
1019 3877 1091 3946 quod
1108 3877 1184 3932 Mar.
1242 3876 1283 3930 illi
1301 3878 1370 3941 AD;

228 3983 276 4021 cm.
290 3967 364 4020 Mor.
419 3967 453 4022 53
471 3964 579 4020 condita
590 3964 708 4034 templa?
727 3965 833 4032 Loquar
845 3980 912 4032 quas
930 3965 985 4019 sint
996 3963 1128 4034 Capitolia
1145 3964 1263 4033 primum
1279 3964 1373 4020 Oetlcr

229 4054 397 4124 tederpcmptt
415 4052 472 4120 (sed
488 4051 595 4121 Loquar
618 4067 684 4120 quae
702 4051 757 4106 sint
775 4050 908 4120 capitolia.
938 4051 1046 4106 Primus
1063 4050 1237 4121 suspicatur),
1260 4050 1371 4119 loquar?

230 4138 301 4205 Quae
320 4143 384 4194 sunt
396 4139 536 4210 Capitolia,
554 4139 671 4209 primum
690 4141 759 4196 coni.
772 4141 899 4194 Bursian
951 4141 985 4195 54
1003 4141 1045 4192 est
1061 4139 1126 4194 odd
1141 4139 1227 4207 Moe,
1243 4157 1296 4194 om.
1313 4140 1372 4194 AD

229 4225 284 4296 dei]
303 4225 335 4280 de
353 4228 381 4283 A
435 4229 468 4282 56
487 4226 581 4280 coniux
599 4227 718 4282 Moeso
735 4227 815 4294 infra
876 4229 910 4283 58
928 4229 1010 4294 ntqne
1029 4226 1113 4294 Mur„
1131 4227 1159 4280 et
1176 4241 1243 4293 quae
1261 4226 1327 4294 AD,
1344 4228 1373 4280 et

229 4327 280 4380 quo
297 4317 362 4382 sort.
420 4317 454 4369 59
473 4313 567 4382 cignus
585 4315 663 4370 Mar.
715 4312 794 4368 arbor
812 4315 898 4380 Mar„
916 4313 981 4368 arbo
999 4315 1065 4382 AD,
1083 4329 1179 4368 aarum
1197 4315 1371 4382 55555155,

230 4398 309 4453 ardor
326 4400 396 4456 coni.
413 4399 514 4468 Oclrlcr,
533 4416 610 4454 anser
627 4401 836 4456 conlusorem
