3217 4950
255 408 315 471 172
580 428 606 482 S.
619 428 752 482 Paulini
770 428 892 483 Nolani
911 430 1056 498 episcopi

355 605 387 667 et
410 603 677 687 consanguineum
698 608 824 687 pareret
846 605 986 669 fraterne
1008 606 1157 689 periclum

355 725 450 773 ceusu
472 708 549 772 mihi
573 726 764 790 censumque
786 727 894 773 meum
916 711 978 774 iem
1003 713 1105 775 sector
1128 712 1253 792 udisset,

354 816 389 877 tu
413 830 484 878 meu
505 813 595 893 colle,
618 818 717 896 pater,
740 813 854 897 gladio,
877 815 1067 897 patrimonia
1089 814 1164 879 fisco

271 925 334 981 420
358 918 467 982 eximis
491 922 523 983 et
545 916 671 983 Christo
693 918 818 982 domiuo
843 938 913 984 meu
935 938 1048 1002 meque
1070 938 1222 985 reserues.

354 1040 429 1086 num
451 1040 513 1104 quo
535 1023 665 1087 consilio
687 1021 781 1087 rebus
806 1024 963 1106 capitique
987 1043 1057 1090 meo
1080 1028 1155 1089 tunc

355 1126 498 1192 Christus
521 1144 612 1209 opem
635 1127 752 1208 tulerit,
776 1128 890 1193 Felicis
914 1146 988 1193 curu
1009 1132 1154 1212 potenter·

353 1230 498 1312 adfuerit,
521 1231 626 1296 docuit
647 1250 752 1296 rerum
774 1235 847 1315 post
869 1233 968 1297 exitus
990 1234 1112 1316 ingens,

355 1353 415 1417 quo
438 1338 561 1399 mutate
582 1354 671 1400 meus
694 1355 762 1401 sors
786 1339 818 1400 et
841 1338 998 1401 sententia
1020 1337 1105 1402 uitae

243 1434 246 1438 ’
269 1446 331 1501 425
356 1438 520 1505 abiurante
542 1438 603 1504 fide
626 1441 778 1505 mundum
800 1442 998 1523 patriumque
1021 1442 1221 1524 domumque.

353 1544 476 1628 proditu
497 1544 629 1609 diuersis
653 1546 717 1629 egit
739 1546 927 1610 commercia
949 1548 1039 1611 terris

352 1648 601 1731 portandamque
624 1668 748 1714 crucem
773 1651 930 1715 distructis
953 1649 1099 1715 omnibns
1123 1652 1207 1715 emit.

354 1773 404 1817 res
428 1754 524 1837 igitur
547 1756 649 1817 terroe
671 1755 762 1838 regni
785 1755 929 1819 coelestis
953 1756 1030 1818 emit
1052 1774 1155 1836 spem3

354 1878 425 1942 spes
448 1859 565 1923 etenim
587 1858 661 1922 fidei
682 1860 784 1923 curnis
807 1878 841 1923 re
864 1858 980 1924 fortior.
1006 1860 1082 1924 haec
1106 1878 1178 1943 spes

269 1971 332 2026 430
355 1966 549 2046 perpetuam,
573 1981 653 2045 quae
676 1964 747 2027 nixa
770 1964 827 2028 deo
851 1966 909 2043 est,
932 1983 1000 2028 rem
1024 1965 1173 2047 parturit3
1198 1968 1231 2029 at
1252 1982 1302 2029 res

352 2085 466 2132 carnee
487 2068 656 2132 caelestem
677 2067 804 2150 perimit
828 2087 925 2151 spem,
951 2086 1030 2151 quoe
1054 2072 1160 2133 temen
1184 2072 1216 2133 et
1238 2087 1314 2149 rem,

354 2171 382 2235 si
404 2175 531 2253 superet
554 2172 700 2236 uincente
722 2172 793 2252 fide,
818 2190 881 2237 non
903 2173 1046 2255 protinus
1070 2174 1182 2253 aufert,

354 2276 409 2340 sed
431 2275 512 2340 bene
534 2279 689 2340 mutatum
712 2276 817 2341 diuino
840 2278 906 2340 iure
928 2277 1089 2357 reformet,

353 2380 391 2443 de
414 2380 518 2464 fragili
541 2384 701 2445 aeternam
723 2381 863 2445 referens
886 2382 1037 2463 terrisque
1063 2384 1218 2446 remotam

268 2494 330 2549 435
353 2487 385 2550 in
408 2487 501 2550 caelis
524 2490 678 2566 statuens,
702 2486 756 2551 ubi
777 2486 859 2550 fidus
883 2487 1000 2551 credite
1023 2489 1128 2550 custos

353 2589 495 2655 Christus
522 2590 633 2665 haben
660 2609 761 2673 neque
784 2594 909 2656 tentum
933 2593 994 2656 isto
1018 2608 1079 2673 quo
1102 2592 1273 2674 sumpserit
1295 2591 1389 2655 istinc

353 2695 528 2778 depositum
552 2713 683 2760 numero
706 2699 823 2776 seruet,
847 2695 903 2761 sed
926 2695 1133 2779 multiplicato

351 2800 401 2863 his
424 2799 478 2881 qui
501 2798 690 2864 crediderint
712 2801 881 2864 commissu
903 2799 1023 2864 tulente
1044 2799 1194 2883 rependet

351 2904 457 2968 fenore
480 2923 576 2987 seque
598 2905 702 2988 ipsum
726 2905 923 2969 credentibus
948 2904 1062 2969 efficiet
1083 2925 1159 2969 rem.

267 3015 329 3070 440
352 3011 384 3072 et
407 3026 485 3091 quae
508 3028 558 3073 res
581 3010 640 3073 hac
662 3029 696 3073 re
718 3010 833 3092 poterit
854 3009 1019 3092 pretiosior
1041 3011 1132 3074 esse?

352 3112 378 3176 si
401 3116 485 3177 totns
508 3114 644 3178 mundus
667 3114 745 3177 mihi
766 3132 817 3177 res
840 3113 962 3196 priuutu
984 3114 1105 3193 fnisset,

353 3235 428 3280 num
451 3218 552 3299 potior
574 3217 700 3282 dominc
723 3218 805 3282 foret
826 3218 904 3282 haec
927 3219 1082 3301 possessio
1107 3215 1252 3282 Christo?
1296 3229 1299 3236 ’

352 3322 473 3403 etquis
497 3340 547 3386 me
570 3325 677 3386 tantae
701 3323 751 3386 uel
775 3341 829 3406 spe
853 3323 944 3387 modo
967 3341 1180 3406 possessorem

351 3425 510 3508 praestitit
534 3445 602 3490 esse
624 3427 692 3491 rei?
715 3427 783 3508 quis
807 3445 858 3490 me
880 3446 949 3490 rem
971 3427 1112 3510 conpulit
1132 3427 1227 3490 istam

266 3537 328 3592 445
352 3548 497 3611 spernere
516 3548 572 3614 pro
593 3529 728 3612 Christo,
750 3534 785 3594 ut
806 3529 968 3596 Christum
991 3531 1069 3594 mihi
1088 3534 1226 3596 uerteret
1245 3532 1277 3596 in
1296 3533 1384 3596 rem?

351 3635 419 3716 quis
443 3635 503 3698 nisi
525 3641 570 3716 tu,
594 3653 718 3718 semper
740 3653 812 3698 men
834 3653 951 3718 magna
972 3636 1123 3718 potentie,
1147 3635 1234 3700 Felix

350 3739 487 3821 peccatis
511 3739 637 3804 inimice
660 3740 738 3803 meis
762 3743 795 3804 et
817 3739 916 3803 emice
940 3740 1055 3804 saluti?

351 3847 387 3907 tu
409 3843 486 3907 milri
509 3843 639 3908 mutasti
660 3844 796 3925 petriam
820 3843 948 3908 meliore
970 3846 1094 3927 paratu,

289 4121 342 4176 418
358 4123 446 4174 rector
463 4121 538 4175 Mur.
609 4119 694 4174 adisse
712 4122 739 4175 A
809 4124 861 4177 419
879 4121 969 4190 gladie
987 4123 1017 4176 D
1084 4123 1137 4177 420
1160 4137 1201 4175 me
1224 4137 1333 4190 meaque
1355 4121 1386 4177 D

247 4209 299 4262 424
316 4223 350 4276 qo
368 4209 396 4263 A
459 4223 534 4261 meae
551 4209 659 4276 scs-ipsi,
677 4224 737 4260 mee
753 4209 819 4276 AD,
839 4224 898 4261 mee
916 4211 956 4262 est
974 4209 1049 4264 Mor.
1114 4211 1165 4264 425
1183 4209 1337 4276 pariamque
1356 4209 1387 4263 D

246 4297 298 4349 426
315 4294 528 4362 egitanensis.
582 4295 779 4350 commertiaD
831 4297 882 4350 427
896 4296 948 4348 emi
961 4299 1029 4351 coni.
1044 4297 1119 4352 Mur.
1173 4298 1224 4352 439
1237 4295 1387 4352 suenoreD

246 4381 334 4450 ipsum
352 4382 418 4450 AD,
436 4399 486 4436 om.
499 4382 575 4437 Mur.
