3217 4950
599 406 625 460 S.
638 405 770 461 Paulini
787 406 907 461 Nolani
926 406 1070 477 episcopi

575 587 608 648 et
629 586 715 648 terra
735 587 848 648 uernat
868 582 1007 649 floribus.

523 686 631 753 audita
650 688 715 753 iam
737 706 796 753 uox
819 689 949 753 turtmis
972 691 1098 771 tempus
1121 688 1206 753 canit

573 792 732 858 incisionis
755 791 871 859 adfore.

522 898 685 981 epulemur
707 915 782 981 ergo
803 900 911 963 uetere
933 897 1086 962 fermento
1109 897 1177 961 sine

417 1012 479 1065 650
573 1004 607 1067 in
629 1002 771 1067 uerimtis
795 1002 924 1085 azymis

456 1147 461 1161 ι
521 1108 594 1191 quia
615 1107 739 1173 Pascha
760 1110 902 1172 nostrum
927 1106 1068 1171 Christus
1090 1106 1260 1173 inmolatus
1284 1109 1332 1170 est

571 1213 716 1295 intraque
739 1229 795 1277 nos
818 1230 952 1295 regnum
974 1210 1025 1276 dei
1048 1214 1104 1276 est.

520 1335 616 1400 quare
637 1317 773 1382 uetustis
796 1314 933 1381 absoluti
954 1315 1077 1400 legibus

570 1424 634 1487 iam
657 1420 775 1486 nonin
798 1420 911 1485 umbra
933 1421 1087 1505 degimus,

413 1533 473 1590 655
519 1544 596 1609 quos
620 1525 703 1591 nube
726 1525 806 1610 legis
829 1529 861 1591 et
883 1528 1073 1593 statutorum
1095 1525 1168 1610 iugo

569 1633 659 1714 quasi
680 1649 842 1697 comarum
865 1630 988 1697 sarcina

516 1734 659 1802 Christus
681 1735 803 1801 leuauit
824 1736 902 1817 ipse,
925 1734 1009 1799 filius
1033 1734 1092 1816 dei,

569 1840 670 1906 iactus
693 1840 862 1922 redemptis
885 1840 919 1904 in
942 1843 1045 1923 caput.

516 1962 577 2027 quo
599 1944 701 2029 capite
723 1943 813 2009 liberi
836 1962 930 2028 super
952 1947 1089 2011 taetrum
1113 1946 1207 2027 caput

410 2059 471 2114 ooo
568 2050 702 2114 dracoue
723 2049 807 2114 uicto
830 2048 1015 2114 incedimus.

513 2155 585 2219 illos
608 2153 740 2219 decebat
760 2153 1012 2237 inpedimentum
1037 2170 1144 2217 comae

565 2257 848 2341 umbraculumque
870 2258 1008 2340 uerticis,

513 2363 627 2447 quibus
649 2364 777 2447 tegebat
798 2364 891 2429 corda
912 2363 1058 2429 uelamen
1080 2379 1170 2427 sacra

564 2467 752 2534 obnubilans
775 2468 935 2553 mysteria.

405 2582 466 2637 eos
512 2579 545 2640 at
567 2591 623 2639 nos
646 2578 766 2641 remoto
787 2575 914 2640 litterae
936 2573 1100 2640 uelamine

563 2680 597 2745 in
618 2680 689 2744 luce
711 2679 848 2764 corporis
871 2679 920 2745 sui

512 2783 705 2850 enubilatam
727 2784 894 2849 ueritatem
918 2783 1084 2865 cemimus,

560 2889 672 2953 faciem
695 2889 827 2954 reuelati
852 2887 922 2952 fide.

509 3013 587 3076 puer
608 3010 681 3078 ergo
704 2996 811 3058 noster
833 2992 913 3078 legis
937 2995 1030 3076 atque
1053 2993 1172 3077 gratiae

404 3105 466 3161 616
563 3098 710 3162 alumnus
732 3099 769 3162 ex
791 3100 923 3181 utroque
947 3097 989 3163 sit

506 3203 539 3268 in
562 3202 737 3285 spiritalem
760 3205 949 3286 conparatus
971 3201 1115 3286 gloriam,

559 3311 595 3372 ut
616 3311 724 3372 uetera
744 3311 871 3391 promat
893 3310 926 3371 et
947 3325 1039 3372 noua.

505 3411 595 3477 fortis
617 3412 739 3495 pudicis
762 3410 885 3477 actibus
908 3412 1010 3476 crines
1034 3415 1108 3495 agat

557 3515 737 3599 ferrumque
760 3514 865 3580 damni
887 3516 1019 3598 neseiat,

400 3629 461 3683 oto
506 3623 542 3684 ut
564 3639 584 3685 a
605 3621 774 3687 machaera
795 3621 957 3686 noxiorum
981 3621 1164 3704 dogmatum

349 3827 413 3896 649]
432 3825 456 3895 (Ι
469 3826 528 3882 Cor.
542 3830 566 3891 5,
579 3827 614 3897 8).
669 3828 732 3898 666]
751 3828 805 3897 (Pr.
819 3831 862 3897 90,
876 3828 926 3898 13).

288 4019 338 4074 647
357 4018 431 4072 canit
446 4036 472 4090 o,
489 4021 569 4073 cantu
587 4021 642 4076 Bo
707 4023 758 4077 648
776 4019 882 4075 adforet
899 4021 927 4075 Β
990 4020 1042 4074 649
1060 4019 1115 4072 siue
1134 4020 1161 4074 Β
1223 4019 1275 4074 656
1292 4018 1387 4073 azimis

244 4106 300 4161 Bo
374 4107 424 4162 651
444 4109 486 4160 est
503 4106 649 4177 inmolatur
667 4107 694 4163 Β
771 4111 823 4165 656
841 4123 977 4162 comarum
996 4107 1129 4160 sarcinam
1151 4105 1202 4174 06,
1220 4106 1386 4160 sarcinarum

244 4208 347 4246 comam
365 4194 393 4248 Β
479 4196 530 4250 657
549 4193 621 4248 filius
640 4192 683 4249 dei
701 4197 810 4267 scripsi,
828 4195 873 4250 ille
893 4194 957 4248 deus
975 4194 1038 4262 Bo,
1057 4194 1122 4248 deus
1141 4193 1185 4248 illa
1204 4194 1259 4248 suis
1276 4212 1299 4261 o,
1319 4192 1386 4247 deus

242 4278 288 4332 ille
305 4283 332 4333 et
349 4281 404 4334 suis
426 4281 481 4337 Coi.
570 4284 621 4338 659
640 4285 754 4336 tretrum
773 4284 800 4338 Β
887 4285 938 4338 665
957 4280 1037 4338 adO
1123 4283 1175 4337 672
1193 4281 1277 4336 ueteri
1294 4281 1384 4338 Romo

242 4369 293 4421 674
311 4365 426 4437 ferrique
445 4367 574 4422 damnum
594 4371 663 4424 roni.
677 4371 805 4426 Iboraeuc
876 4371 926 4425 675
946 4368 1070 4423 machera
1091 4369 1114 4424 0
1184 4367 1336 4422 docmatum
1359 4369 1385 4424 B
