3217 4950
263 418 325 482 142
595 435 621 490 S.
635 435 769 491 Paulini
787 435 907 491 Nolani
926 437 1072 508 episcopi

362 615 469 676 mente
492 611 607 676 etenim
628 614 730 676 totum
753 611 939 693 conciderat,
963 611 1022 677 hoc
1043 617 1150 678 tamen
1172 631 1270 678 unum

363 717 491 780 numine
513 719 665 798 seruarat,
688 733 749 797 quo
772 733 847 780 crux
869 715 991 782 inclusa
1012 715 1143 782 uetabat

363 818 536 902 quamlibet
557 821 707 884 audacem
730 821 820 904 segni
842 821 957 885 uirtute
980 821 1144 887 latronem.

279 932 341 988 690
363 925 431 1008 ipse
453 924 610 989 fatebatur
633 925 748 990 mentis
771 925 875 990 scelus
898 929 992 1008 atque
1015 926 1114 992 crucis
1137 927 1203 991 uim

363 1031 554 1110 curtemans,
577 1029 784 1111 quotiensque
806 1047 919 1094 manus
942 1035 1098 1096 armasset
1119 1031 1152 1096 in
1174 1031 1261 1096 illam

362 1131 396 1196 in
419 1149 509 1197 cruce
532 1136 709 1198 consertam
732 1133 817 1198 socia
839 1151 979 1219 conpage
1002 1152 1160 1215 coronam,

363 1253 420 1300 ceu
442 1235 558 1302 fractas
581 1238 696 1302 totiens
719 1237 782 1302 ictu
806 1238 953 1303 cecidisse
976 1257 1101 1304 recusso

363 1339 553 1423 brachiaque
575 1359 671 1425 aegra
692 1341 753 1407 sibi
774 1343 879 1407 neruis
903 1344 1060 1426 stupuisse
1083 1343 1205 1409 solutis.

279 1453 340 1508 695
406 1445 458 1509 hic
480 1446 558 1511 libet
578 1446 612 1510 in
634 1446 785 1512 miserum
807 1448 915 1531 paucis
938 1448 1100 1532 insurgere
1123 1447 1239 1513 furem:

363 1549 481 1630 infelix,
503 1567 584 1632 quae
607 1553 696 1616 tanta
718 1555 806 1616 tuam
830 1552 989 1616 dementia
1011 1555 1151 1617 mentem

363 1657 511 1734 uerterat,
535 1657 571 1718 ut
591 1658 679 1720 tanto
700 1655 909 1737 reprehensus
932 1656 1052 1720 lumine
1075 1656 1143 1722 ueri

364 1776 427 1823 non
448 1758 614 1824 festinares
637 1776 764 1824 omnem
785 1763 983 1844 praeuertere
1006 1777 1099 1825 eursu

364 1863 509 1946 indagem
531 1864 688 1944 reuolans,
711 1867 747 1928 ut
768 1865 888 1928 furtum
911 1867 1022 1948 sponte
1044 1863 1198 1930 referres?

282 1973 342 2029 700
365 1969 495 2032 tantane
518 1967 567 2032 uis
590 1968 732 2032 animum
754 1967 893 2033 tenebris
916 1969 1072 2052 oppressit
1093 1986 1234 2060 auarum,

364 2071 495 2136 auderes
517 2071 604 2137 illam
626 2075 663 2138 ut
683 2072 803 2157 granno
827 2071 887 2136 tibi
909 2072 1039 2137 condere
1062 2077 1194 2158 partem,

364 2192 461 2258 quam
481 2176 597 2242 totiem
620 2179 746 2242 arcente
768 2176 827 2240 deo
849 2176 967 2241 uiolare
989 2176 1145 2242 timebas?

365 2279 414 2344 dic
436 2279 523 2361 milri,
546 2299 609 2363 qua
629 2297 728 2365 pauor
749 2281 803 2345 ille
826 2285 898 2346 tuus
921 2281 1062 2365 fugiebat
1084 2285 1115 2346 et
1137 2281 1219 2346 unde

364 2403 482 2466 uncus,
505 2389 542 2450 ut
563 2384 753 2469 intrepidum
775 2403 925 2469 praeceps
948 2385 1077 2450 audacia
1100 2403 1227 2450 sensum

282 2496 342 2553 706
365 2492 432 2554 tam
454 2489 538 2555 male
560 2490 705 2571 durabat,
728 2490 861 2574 pauidus
884 2492 1080 2573 contemptor
1103 2494 1134 2555 et
1156 2490 1240 2556 idem

365 2593 505 2659 eiusdem
527 2594 655 2659 sceleris
678 2595 816 2679 speciem
839 2594 981 2660 diuersus
1005 2594 1113 2660 abibas

364 2696 573 2782 perfidiaeque
595 2698 690 2763 fidem
712 2699 813 2764 dinuo
835 2702 960 2783 pectore
982 2700 1140 2765 miscens?

365 2802 516 2867 uirtutem
538 2804 638 2868 crucis
661 2806 693 2868 et
715 2804 843 2887 signum
864 2802 1045 2869 inuiolabile
1068 2803 1184 2870 Christi

366 2906 513 2972 credebas
535 2908 704 2973 metuendo
725 2907 811 2973 idem
833 2907 1014 2993 contingere
1035 2909 1117 2974 ferro

283 3018 343 3075 710
367 3013 398 3075 et
419 3009 502 3093 quod
523 3011 675 3077 noscebas
698 3016 842 3078 metuens
864 3012 1016 3096 portando
1038 3012 1198 3097 negabas?

367 3114 422 3180 sed
443 3119 551 3181 tamen
573 3116 708 3200 inpietas
730 3120 786 3181 tua
808 3134 866 3181 neo
888 3116 1095 3200 tibiprofuit,
1120 3120 1152 3181 et
1174 3134 1241 3198 nos,

366 3220 533 3285 stultitiam
555 3221 698 3287 confesse
719 3224 809 3285 tuam
832 3220 1001 3302 diuinaque
1024 3222 1124 3305 signa,

367 3322 468 3389 fecisti
489 3341 604 3409 magno
627 3325 726 3391 crucis
750 3325 888 3390 exultare
911 3325 1079 3409 triumpho.

366 3446 440 3512 ergo
461 3429 674 3512 relinquamus
696 3434 825 3514 captum
848 3430 912 3494 iarn
934 3431 1091 3495 incessere
1111 3430 1223 3511 furem,

284 3538 344 3595 716
367 3532 418 3597 cui
440 3534 516 3600 satis
539 3536 578 3599 ad
600 3552 734 3619 poenam
757 3537 807 3600 est
828 3534 980 3619 spoliatae
1001 3534 1120 3599 fraudis
1144 3537 1276 3619 egestas.

407 3656 491 3703 nunc
512 3637 553 3703 ad
575 3642 617 3719 te,
639 3638 818 3704 ueneranda
839 3638 890 3703 dei
912 3656 995 3721 crux,
1019 3641 1107 3704 uerte
1129 3639 1280 3721 loquellas

307 3862 357 3919 687
375 3864 464 3917 totum
482 3864 519 3934 D,
536 3882 587 3921 om.
599 3864 666 3933 AD,
682 3862 789 3932 placida
806 3864 875 3920 corti.
895 3863 971 3919 Mau.
1024 3860 1175 3917 conciderat
1192 3862 1298 3933 euripus,
1315 3858 1402 3915 conm-

264 3946 340 4003 derat
357 3950 451 4019 ΑΒΕ,
470 3950 625 4005 consederat
641 3952 711 4007 coni.
729 3951 805 4005 Mur.
877 3952 927 4005 689
945 3948 1016 4018 signi
1034 3950 1063 4004 D
1132 3951 1181 4006 691
1200 3950 1229 4003 iu
1246 3950 1330 4016 Mur,
1348 3964 1402 4003 em.

263 4036 329 4106 AD,
346 4039 378 4090 ut
396 4038 426 4091 Ε
475 4039 526 4095 697
544 4036 616 4093 socia
633 4039 669 4106 Ε,
687 4038 785 4091 sociam
803 4037 864 4092 AD
922 4038 972 4092 693
990 4036 1090 4091 fractas
1108 4038 1193 4105 Mur,
1212 4035 1297 4089 fracta
1314 4034 1405 4089 ΑΒΕ

262 4122 318 4176 icta
334 4125 393 4180 AD
461 4126 512 4182 694
529 4124 705 4193 bracchiaque
722 4126 749 4179 A
816 4127 867 4180 709
885 4123 972 4177 auaris
990 4125 1065 4179 Mur.
1128 4126 1177 4181 701
1197 4122 1354 4178 contendere
1371 4123 1402 4177 A

263 4211 316 4266 706
337 4211 451 4280 speciem
472 4213 538 4282 AD,
560 4212 645 4283 specie
668 4212 699 4266 Ε
766 4214 816 4267 799
839 4210 911 4265 idem
932 4212 1039 4281 scripsi,
1061 4208 1143 4264 fldem
1160 4212 1225 4279 AD,
1248 4224 1353 4264 crucem
1371 4210 1406 4263 Ε

264 4296 429 4367 confringere
446 4300 521 4355 Mur.
574 4302 622 4357 711
642 4297 745 4369 profuit
762 4316 813 4355 om.
833 4299 907 4355 Mur.
962 4300 1013 4353 714
1031 4298 1125 4366 captus
1142 4298 1171 4352 A
1223 4296 1351 4351 incessere
1370 4296 1403 4351 D

263 4386 348 4455 Mur,
366 4400 465 4441 masere
482 4386 542 4441 AD
590 4388 642 4443 715
660 4388 782 4454 egeamus
800 4387 827 4441 A
