3217 4950
566 480 693 519 carmen
712 464 809 528 XXXI,
822 468 967 521 ooo-412.

248 650 308 705 385
355 641 425 706 illos
448 641 556 706 infelix
579 642 682 706 luetus
707 641 795 705 decet
819 644 851 705 et
872 641 958 705 dolor
981 659 1099 722 emens,

405 746 492 811 nulle
513 745 627 828 quibus
651 749 794 829 superest
817 764 898 829 spes,
922 746 994 828 quio
1015 746 1102 811 nullo
1123 745 1212 828 fides,

355 856 387 915 et
409 851 521 933 quibus
545 868 637 915 omne
660 849 778 915 bonnm
802 854 851 915 est
872 852 931 916 hoe
952 854 1077 915 tantum
1098 852 1204 916 uiuere
1225 851 1337 933 000010,

405 955 570 1039 desperare
593 954 660 1035 deo,
683 955 779 1020 fidere
801 956 964 1037 corporeis.

354 1060 414 1124 illis
438 1060 579 1125 internus
604 1064 712 1143 stupor
734 1060 899 1125 insolabile
921 1062 1031 1143 peetus

250 1174 311 1229 390
408 1164 540 1229 desertis
562 1184 636 1230 uero
659 1163 803 1229 sensibus
827 1163 980 1245 obsideat,

355 1286 432 1352 quos
454 1268 551 1333 infido
573 1270 630 1333 deo
653 1288 743 1333 mens
766 1267 892 1333 abdicat
916 1272 948 1333 et
970 1268 1082 1351 quibus
1106 1287 1211 1333 exsors
1325 1336 1328 1341 ,

406 1391 425 1437 0
448 1372 571 1437 Christo
593 1374 732 1437 infernas
755 1391 823 1438 sors
846 1374 929 1438 eadit
950 1374 982 1437 in
1004 1373 1159 1439 tenebras.
1228 1393 1231 1397 ·

354 1477 444 1543 nobis
467 1495 519 1542 ore
543 1477 592 1543 dei
615 1477 731 1542 solator
753 1478 913 1560 apostolus
937 1477 1027 1558 adsit,

406 1599 462 1645 nos
486 1582 647 1666 euangelio
671 1581 815 1647 Christus
837 1600 948 1646 amans
971 1582 1093 1658 doceam

251 1694 312 1748 300
357 1704 414 1751 000
438 1686 580 1769 exemplu
601 1691 727 1771 patrum
750 1687 845 1751 simul
868 1691 901 1751 et
921 1688 1088 1769 praeconia
1109 1689 1229 1767 uotum,

407 1808 463 1855 nos
486 1789 565 1855 liber
587 1791 734 1855 historiae
757 1790 862 1855 firmet
884 1792 1080 1874 apostolieae,

355 1895 386 1958 in
410 1914 472 1977 qua
494 1912 676 1980 eorporeum
699 1914 840 1961 remeare
864 1896 902 1959 ad
925 1896 1027 1960 sidera
1049 1895 1209 1961 Christum

407 2002 563 2065 cernimus
587 2004 618 2064 et
639 2000 759 2084 gremio
782 2000 874 2065 nubis
897 2001 929 2064 in
953 2005 1038 2065 estro
1060 2002 1142 2081 uehi,

356 2106 387 2169 et
409 2104 505 2169 talem
529 2124 545 2169 e
569 2104 663 2169 caelis
685 2104 831 2170 reducem
856 2124 981 2187 sperare
1002 2104 1156 2185 iubemur,

250 2215 312 2271 400
409 2208 447 2272 ed
471 2207 574 2273 oselos
598 2210 722 2291 qualem
746 2210 884 2273 uidimus
907 2210 952 2273 ire
974 2210 1063 2293 patri.

354 2313 447 2377 huius
470 2314 502 2378 in
525 2313 698 2378 aduentum
721 2314 812 2378 modo
835 2313 974 2397 pendent
995 2314 1102 2379 omnio
1123 2332 1237 2394 rernm,

407 2418 508 2484 omnis
532 2418 563 2483 in
585 2418 669 2484 hune
691 2438 797 2503 regem
822 2437 955 2502 spesque
977 2418 1116 2502 fidesque
1139 2419 1247 2484 inhiat.

356 2523 482 2606 iamque
504 2525 765 2607 propinquantem
788 2542 936 2606 supremo
958 2528 1098 2607 tempore
1121 2523 1216 2588 finem

407 2627 593 2692 inmutanda
616 2629 704 2693 nouis
729 2629 855 2692 sueonie
875 2629 1062 2712 parturiunt.

250 2738 311 2795 405
357 2748 466 2796 omnes
490 2751 566 2796 uero
587 2737 717 2798 monent
739 2733 836 2797 saeris
859 2733 984 2798 orooula
1006 2731 1095 2798 libris

408 2836 531 2901 eredere
554 2837 718 2920 praedietis
743 2857 838 2920 seque
860 2857 970 2920 parare
993 2838 1060 2902 deo.

355 2941 513 3022 festinate,
536 2959 653 3025 precor,
677 2941 752 3006 dum
775 2943 864 3025 eopia
885 2941 1034 3026 panditur
1055 2942 1126 3005 istie

407 3063 572 3129 proourure
595 3045 684 3111 bonis
706 3065 843 3129 praeque
865 3065 976 3111 neuere
999 3047 1101 3111 malis.

356 3150 467 3214 uertite
489 3167 654 3234 peruersas
677 3169 827 3215 conuerso
851 3155 974 3234 pectore
997 3167 1098 3230 eures,

250 3261 313 3316 410
410 3257 565 3319 monstret
587 3253 660 3318 flere
683 3254 759 3319 fides
783 3254 911 3319 utilibus
933 3256 1079 3319 leerimis.

356 3362 518 3440 peecatum
541 3360 648 3443 lugere
671 3359 760 3423 iuuat
782 3363 1003 3442 contractoque
1026 3359 1124 3442 eulpis

408 3464 540 3528 uulnera
561 3464 696 3546 profusis
720 3462 845 3528 fletibus
869 3463 1005 3544 abluere,

306 3688 369 3757 eeu]
386 3687 458 3756 (net.
472 3692 495 3754 r,
505 3690 539 3758 0).

245 3900 295 3956 387
314 3901 341 3952 et
358 3897 559 3967 quibus-eeelo
577 3902 633 3955 enh.
650 3901 679 3968 Τ,
697 3900 749 3953 heu
767 3899 821 3968 (hei
839 3902 866 3969 v)
883 3900 951 3954 mihi
968 3916 1048 3969 qoem
1067 3898 1180 3954 stultum
1198 3903 1239 3953 est
1255 3899 1339 3954 oeulis

202 4001 230 4039 se
257 3985 362 4040 eredere
385 3987 461 4040 uenis
483 4004 500 4042 o
521 3993 545 4042 et
567 3987 595 4041 B
616 3989 648 4041 in
670 4005 720 4058 mp.
735 3989 797 4042 odd.
812 3993 883 4056 m.3,
907 3987 999 4044 oouO
1067 3989 1118 4044 389
1140 3989 1277 4040 aeternum
1302 3987 1339 4044 Y¹

203 4075 251 4129 391
271 4089 346 4127 exors
365 4075 395 4143 Τ,
413 4091 502 4129 excors
521 4077 547 4129 B
612 4077 663 4132 392
682 4075 786 4128 inferne
804 4077 832 4130 B
896 4077 947 4131 393
965 4074 1066 4128 solator
1086 4077 1111 4129 T
1172 4076 1224 4129 394
1240 4090 1340 4127 euuan-

203 4158 274 4228 gelio
290 4161 318 4216 B
379 4161 493 4216 amando
512 4167 570 4216 eeet
588 4163 615 4217 B
677 4165 728 4218 396
746 4163 837 4216 firmet
855 4165 883 4218 B
944 4163 994 4217 397
1013 4177 1065 4230 quo
1085 4162 1111 4216 T
1168 4163 1344 4216 00000000οΤ

203 4249 254 4302 399
276 4263 290 4301 0
313 4247 375 4302 oelis
396 4249 456 4317 ΒΤ,
480 4248 558 4302 coelis
580 4249 624 4304 00
692 4252 744 4305 494
767 4250 844 4303 nonis
869 4251 918 4317 Τυ,
941 4248 1017 4302 nobis
1035 4248 1089 4303 ΒΟ
1139 4249 1192 4302 495
1210 4248 1296 4301 omnis
1317 4247 1341 4302 O

202 4335 254 4390 499
276 4351 459 4404 pemeruerses
483 4337 509 4390 Τ
592 4339 642 4391 411
661 4339 799 4406 peceatum
821 4338 850 4403 Τ,
872 4339 980 4404 peceato
998 4336 1075 4391 BOo
1160 4334 1248 4404 iuuat]
1265 4334 1342 4389 lubet

204 4423 292 4478 Sedet.
304 4425 335 4476 in
353 4441 403 4494 my.
457 4422 543 4491 culpis
564 4425 592 4490 T,
612 4422 689 4476 uoltis
708 4423 784 4478 BOv

254 4516 315 4558 m.
328 4515 413 4558 ononi
426 4517 473 4559 nor.
484 4517 585 4559 armine.
1150 4513 1182 4561 21
