3217 4950
586 470 715 508 carmen
732 454 806 517 XXI,
818 456 964 509 417-479.

311 634 342 693 te
365 630 444 695 mihi
466 649 522 714 pro
544 632 645 714 patria
665 630 809 695 roddens.
834 634 869 694 tu
892 648 1006 695 carnea
1027 630 1117 695 nobis

226 742 289 798 450
313 736 437 799 uincula
459 736 581 819 rupisti.
606 739 640 800 tu
663 753 720 801 uos
743 736 781 799 oe
803 734 876 800 labe
899 735 1008 799 caduci

310 840 474 925 sauguinis
498 844 657 923 exemptos
680 843 781 904 terrae
803 839 949 924 genitalis
973 838 1011 904 ab
1036 856 1090 904 ora

311 944 350 1009 ad
372 963 471 1028 genus
495 945 650 1029 emigrare
673 948 764 1009 tuum
787 948 819 1008 et
841 944 989 1009 caelestia
1010 944 1134 1028 magnis

236 1103 240 1110 .
310 1049 411 1114 fecisti
434 1051 553 1132 spirare
575 1050 698 1114 animis.
722 1053 757 1113 tu
780 1051 951 1113 stemmata
973 1052 1081 1113 nostra

312 1158 438 1218 mutans
461 1155 500 1218 de
521 1155 646 1237 proauis
668 1154 855 1218 mortalibus
878 1154 959 1218 iulor
982 1154 1099 1217 amicos

226 1266 288 1322 456
312 1259 457 1323 caelestis
480 1260 600 1323 domiui
621 1262 654 1323 et
676 1258 756 1323 libro
778 1260 904 1343 signata
925 1258 1055 1341 perenni

311 1364 440 1428 uomina
461 1364 613 1429 translato
636 1363 777 1428 mortalis
800 1363 929 1447 originis
953 1365 1024 1427 ortu

311 1468 408 1533 deleri
429 1468 525 1532 facias
549 1468 653 1548 morti,
677 1468 867 1551 transcripta
888 1468 993 1533 saluti.

310 1572 382 1654 quid
405 1572 508 1636 similo
529 1572 578 1637 his
600 1572 707 1653 habui,
730 1590 803 1637 cum
827 1573 945 1636 dicerer
967 1591 1037 1636 esso
1060 1574 1194 1651 senator,

311 1677 415 1758 qualia
436 1696 519 1741 nunc
541 1676 611 1740 istic
634 1676 745 1757 habco,
769 1695 842 1741 cum
865 1676 949 1741 dicor
973 1678 1112 1760 egonus?

225 1789 290 1843 460
357 1798 428 1845 occe
450 1780 528 1845 mihi
549 1801 606 1864 por
628 1784 676 1845 tot
697 1781 855 1846 benedicti
879 1781 1024 1864 martpiis
1047 1780 1135 1845 aulas

311 1888 343 1949 et
365 1885 474 1969 spatiis
497 1885 618 1968 amplas
642 1889 675 1949 ot
695 1885 885 1950 culminibus
909 1884 1060 1949 sublimes

313 1992 344 2053 ot
365 1990 486 2054 rocauis
509 1990 572 2055 alte
594 1990 795 2072 laquearibus
820 1989 1005 2055 ambitiosas

308 2095 447 2179 inriguas
471 2098 503 2159 et
525 2096 613 2178 aquis
637 2098 669 2161 et
690 2095 863 2178 porticibus
885 2095 1057 2176 redimitas,

310 2201 446 2282 undique
468 2199 584 2282 ubique
609 2199 714 2281 simul,
738 2201 956 2283 quodcumque
978 2218 1033 2283 per
1056 2200 1118 2265 ista
1140 2197 1224 2263 boati

222 2312 286 2368 466
311 2303 437 2369 nomino
460 2305 572 2370 Felicis
595 2306 708 2371 colitur
730 2305 906 2371 celebratur
928 2304 1072 2385 habetur,

310 2408 455 2473 omuibus
478 2410 510 2473 in
533 2410 645 2493 spatiis
668 2410 779 2476 domus
803 2413 851 2476 est
873 2426 952 2476 mea.
977 2428 1035 2475 uec
1058 2409 1144 2473 locus
1168 2408 1250 2473 ullus

309 2514 439 2580 aedibus
461 2515 547 2579 illius
571 2516 755 2581 coniunctus
778 2517 811 2579 et
832 2515 947 2580 insitus
971 2517 1065 2595 extat,

310 2620 363 2702 qui
386 2619 463 2684 mihi
486 2638 547 2685 uou
572 2620 661 2702 quasi
682 2639 733 2684 res
755 2623 863 2703 pateat
885 2638 964 2684 mea.
990 2619 1045 2683 sed
1068 2618 1143 2701 quid
1165 2619 1197 2682 in
1221 2618 1280 2682 isto

308 2742 438 2788 munero
461 2744 512 2788 me
535 2724 659 2806 iactam,
682 2726 710 2789 si
731 2744 799 2790 rem
823 2725 934 2789 Felicis
958 2724 1056 2788 amati

221 2837 286 2892 470
310 2829 427 2893 uisibili
449 2829 589 2912 lapidum
612 2833 696 2894 tecto
719 2830 906 2895 uernaculus
930 2829 1045 2913 hospes

308 2934 509 3016 possideam?
533 2937 649 3016 quanto
671 2935 742 3017 plus
765 2938 813 2999 est
836 2934 924 3015 mihi,
948 2933 1030 3016 quod
1054 2933 1132 2997 mihi
1156 2931 1242 2996 Felix

308 3039 375 3121 ipse
398 3039 448 3102 dei
471 3038 550 3103 dono
574 3039 686 3103 domus
709 3042 767 3120 est,
790 3039 823 3102 in
846 3057 906 3120 quo
929 3055 1002 3103 mea
1024 3038 1132 3101 uiuam

308 3142 376 3206 uita
398 3144 526 3207 domum
550 3143 645 3208 nullis
668 3142 829 3225 lapsuram
852 3143 992 3226 possidet
1015 3142 1127 3206 aunis?

307 3265 381 3310 nam
405 3247 486 3329 quod
510 3246 621 3312 Felicis
645 3248 756 3312 domus
780 3252 812 3312 st
835 3265 906 3311 mea
928 3248 970 3312 sit
993 3248 1115 3326 domus,
1137 3246 1204 3328 ipso

220 3359 285 3416 475
308 3351 511 3435 permittento
534 3353 583 3416 sui
603 3352 707 3416 licitas
731 3352 808 3416 mibi
831 3353 905 3416 iuris
929 3352 1080 3433 habenae,

307 3456 356 3520 his
380 3457 476 3521 etiam
499 3455 610 3540 probat
632 3457 743 3521 officiis
767 3457 897 3522 audacia
919 3461 1036 3537 nostra,

307 3561 432 3644 hospita
453 3560 535 3642 quod
560 3562 659 3627 socios
682 3561 715 3625 iu
737 3564 823 3626 tecta
843 3562 1018 3644 recepimus
1043 3565 1074 3625 et
1096 3579 1180 3625 nuuc

307 3683 416 3730 omnes
439 3666 506 3730 iure
528 3666 597 3749 pari
618 3665 731 3730 Felicis
754 3667 823 3730 iura
845 3669 990 3731 tenemus

307 3769 480 3852 Felicisque
501 3770 600 3853 patris
624 3770 744 3854 gremio
767 3770 934 3836 coniuncta
956 3771 1101 3836 fouemur

243 4041 297 4095 453
315 4039 415 4108 spirare
427 4040 494 4107 AD,
512 4055 617 4108 sperare
630 4040 706 4093 Mea.
760 4040 812 4095 454
825 4038 931 4108 proauis
944 4039 1009 4108 AD,
1022 4037 1112 4108 prauis
1125 4039 1200 4094 Mar.
1253 4039 1305 4093 455
1318 4041 1345 4090 et

196 4129 288 4182 delere
298 4127 361 4180 molt
372 4127 551 4182 Zecbmciatcr
602 4128 653 4181 457
667 4126 842 4194 transscripta
854 4127 891 4194 D,
904 4124 1106 4179 transcribtuA
1159 4128 1211 4181 458
1222 4124 1267 4178 hio
1278 4127 1343 4194 fola.

196 4215 305 4268 dicerer
325 4213 391 4280 AD,
414 4212 514 4316 {iceret
537 4214 612 4268 Mor.
683 4215 735 4268 462
757 4212 900 4267 ambitiosa
923 4214 981 4269 AD
1050 4213 1103 4267 464
1125 4215 1153 4265 et
1170 4211 1268 4280 ubique
1286 4212 1344 4266 AD

195 4329 252 4384 468
274 4325 340 4394 quid
363 4344 396 4382 ea
417 4342 436 4395 q
457 4327 485 4380 A
554 4325 758 4382 auctmentum
779 4328 808 4381 A
877 4326 930 4381 472
957 4325 1049 4379 uiuam
1076 4325 1142 4392 AD,
1169 4325 1246 4378 uiuat
1269 4325 1343 4380 Mur.

194 4417 251 4471 475
271 4429 317 4468 suo
336 4412 380 4468 Αι
