3217 4950
525 429 652 467 carmen
671 414 772 479 XVIII,
784 415 995 482 rso-XVIIII,
1008 419 1049 474 38.

318 589 465 673 gentibus
487 591 659 655 innumeris
681 609 789 655 semen
813 592 948 656 caeleste
970 593 1107 658 fuerunt.

256 703 296 756 10
318 695 429 759 homm
452 695 492 759 ds
514 713 644 760 numero
666 713 830 778 procerum
853 697 1012 762 confessor
1034 698 1067 762 in
1090 699 1153 764 Ista

319 798 395 864 urbo
417 801 509 865 datus
532 801 619 864 Felix
642 801 734 884 longe
756 801 882 884 lateque
904 822 960 885 per
982 803 1091 868 orbem

318 905 453 969 nominis
476 906 605 970 emicuit
626 904 727 970 titulo.
753 906 808 970 sed
830 905 911 971 Nola
934 908 1049 990 sepulti

319 1009 402 1074 factu
423 1010 534 1074 domus
557 1012 722 1091 tamquam
743 1010 866 1093 proprio
891 1011 952 1075 sibi
974 1012 1074 1076 sidere
1097 1013 1227 1096 plaudit.

318 1115 418 1179 omnis
440 1114 525 1178 enim
547 1131 745 1196 quacumque
766 1115 849 1179 iacet
871 1115 1039 1180 mandatus
1063 1116 1095 1180 in
1119 1135 1171 1182 ora

255 1227 295 1281 10
319 1222 436 1301 martyr
458 1219 551 1283 stella
571 1219 633 1283 loci
655 1219 752 1284 simul
774 1223 807 1284 et
829 1219 985 1285 medicina
1007 1219 1164 1285 colentum
1188 1224 1245 1286 est.

318 1342 452 1406 namque
475 1323 677 1387 tenebrosum
700 1323 799 1388 ueteri
822 1323 956 1408 caligine
980 1325 1133 1388 mundum

318 1430 567 1513 languentesque
590 1429 712 1492 animus
736 1428 902 1492 miseratus
924 1429 957 1493 in
980 1429 1054 1494 orbe
1077 1433 1196 1494 creator

318 1535 362 1597 sic
384 1551 472 1597 sacra
494 1533 647 1615 disposuit
668 1533 760 1597 terris
784 1535 989 1598 monumenta
1015 1534 1148 1617 piorum,

317 1639 433 1722 sparsit
454 1642 490 1701 ut
512 1641 666 1702 astromm
690 1640 843 1701 nocturno
866 1637 988 1702 lumina
1011 1638 1106 1704 caelo.

255 1752 296 1805 20
319 1745 350 1806 et
371 1743 445 1806 licet
465 1759 531 1806 uua
551 1741 639 1822 fides,
662 1760 719 1825 par
739 1742 843 1825 gratia
867 1745 898 1806 et
921 1743 1047 1806 aemula
1068 1744 1168 1808 uirtus

316 1845 507 1929 martyribus
530 1845 651 1910 cunctis
674 1849 812 1926 maneat,
835 1849 943 1912 tamen
967 1845 1113 1912 omnibus
1136 1848 1237 1912 isdem

318 1950 486 2014 dissimiles
508 1968 639 2033 operum
661 1949 780 2014 formas
804 1954 909 2016 extare
932 1951 1086 2016 uidemus.

317 2059 411 2137 atque
433 2053 509 2118 alibi
531 2054 634 2118 tuellis
657 2055 804 2118 meritum
828 2054 964 2120 sublimo
988 2055 1162 2139 sepulchris

317 2159 485 2224 excolimus
508 2177 674 2239 memores
697 2159 774 2224 alibi
796 2160 967 2224 clamantia
989 2161 1090 2244 signa,

257 2273 295 2327 25
319 2264 501 2347 conspicuas
524 2264 677 2328 miramur
699 2283 783 2348 opes.
807 2263 872 2346 ubi,
896 2264 998 2346 oredo,
1022 2265 1097 2329 mali
1120 2264 1191 2348 plus

316 2369 420 2434 durior
442 2369 575 2452 inpietas
598 2368 722 2450 retinet,
746 2369 897 2434 maiorem
919 2369 963 2434 ibi
987 2369 1115 2434 morbus

315 2475 417 2558 poscit
438 2492 530 2559 opem
553 2475 687 2559 grauior,
710 2475 763 2539 uel
786 2476 888 2541 adhuc
910 2476 965 2541 ubi
988 2478 1107 2541 caecior
1129 2477 1227 2542 altam

316 2579 463 2664 perfidiae
486 2583 611 2645 noctem
633 2580 731 2645 trahit
753 2598 838 2645 error
861 2584 892 2645 et
915 2598 1009 2665 aegra
1030 2581 1153 2646 laborat

316 2685 349 2749 iu
371 2685 486 2768 populo
509 2683 664 2749 titubante
687 2684 775 2765 fides,
798 2684 842 2749 ibi
863 2685 985 2750 lumina
1007 2703 1134 2769 prorsus

254 2800 295 2854 30
317 2789 445 2855 accendi
465 2789 585 2853 maiora
607 2789 696 2853 decet
718 2788 888 2871 mundique
912 2789 1057 2855 tenebras

316 2895 504 2959 inlustrante
526 2893 583 2958 deo
606 2893 719 2976 perimi
742 2896 927 2975 mentesque
950 2895 1063 2959 retusis

317 3000 472 3063 adtonitas
495 2998 593 3062 oculis
615 2998 814 3081 trepidasque
836 2997 999 3063 intendere
1023 2998 1061 3063 ad
1084 2998 1167 3083 ipsos

317 3103 415 3168 diuini
437 3102 504 3167 ueri
525 3102 639 3182 radios,
663 3102 794 3186 caligine
817 3106 919 3167 taetra
941 3100 944 3107 '

317 3207 437 3273 soluere
460 3207 649 3290 collyrioque
672 3207 827 3272 medentis
851 3208 1001 3290 inungere
1025 3206 1152 3272 Christi.

252 3322 293 3375 05
317 3313 399 3395 quod
421 3331 476 3395 per
499 3312 686 3396 apostolicas
708 3312 854 3376 curandis
877 3311 1022 3375 sensibus
1046 3315 1129 3376 artes

317 3421 384 3483 coto
407 3417 460 3499 pia
481 3416 602 3497 teritur,
625 3416 698 3497 quia
719 3416 790 3481 lene
813 3416 922 3499 iugum
947 3419 978 3480 et
999 3416 1069 3479 leue
1093 3412 1211 3479 Christi

317 3525 365 3585 est
387 3540 466 3586 onus
489 3520 528 3585 ad
552 3519 713 3585 Christum
736 3538 813 3603 puro
837 3520 900 3585 iam
922 3519 1042 3584 lumine
1065 3518 1164 3585 uersis

316 3629 411 3709 atque
435 3624 617 3709 euangelioo
639 3624 767 3688 suffusis
788 3626 918 3709 pectora
940 3641 1025 3704 suco,

254 3826 354 3883 910οῑ
367 3827 404 3893 Α,
422 3824 496 3879 fuere
514 3826 589 3880 Mur.
664 3826 696 3879 10
715 3823 747 3877 de
765 3827 797 3892 Δ,
817 3838 864 3893 pro
883 3823 972 3877 ΔΒΕ
1033 3824 1065 3879 13
1084 3820 1177 3893 sydera
1190 3821 1220 3875 E
1234 3826 1265 3875 ut
1282 3822 1356 3888 solet,

209 3914 338 3969 sideraA
392 3915 425 3968 14
443 3913 512 3966 iacet
523 3912 589 3979 AD,
607 3912 699 3965 manet
712 3910 767 3965 ΔΕ
819 3912 850 3965 15
868 3908 934 3963 locis
947 3908 1053 3963 imulA
1109 3910 1140 3965 18
1153 3908 1175 3961 si
1188 3908 1218 3962 D
1270 3906 1359 4014 saorra]7

209 3994 1357 4189 ll*Iaemmlssmllhtlllm‘blatenl⁹1l⁰⁰‘ll¹¹tl't¹¹l⁰fmitti

209 4202 248 4257 ihi
267 4219 300 4258 aa
318 4200 447 4254 maiorem
465 4199 492 4255 A
508 4202 574 4254 me
624 4200 659 4253 27
678 4197 759 4251 athue
776 4198 807 4252 D
859 4195 944 4251 altum
956 4197 1014 4250 AD
1067 4196 1098 4250 31
1119 4194 1278 4262 perimentes
1296 4196 1356 4261 (qua

207 4289 274 4355 om.)
282 4288 342 4343 AD
395 4288 428 4342 32
441 4285 569 4339 attonitas
582 4285 643 4339 DE
693 4283 874 4340 sudiuimiA
928 4284 962 4338 34
975 4280 1167 4349 collirioquoD
1220 4278 1356 4333 medentes

208 4376 269 4431 AD
321 4373 461 4442 iniungere
479 4373 509 4427 D
561 4374 594 4427 37
613 4372 700 4425 honus
718 4372 749 4425 E
799 4373 834 4428 38
852 4386 929 4423 00000
948 4370 1009 4425 DE
