3217 4950
578 443 604 497 S.
617 442 752 497 Paulini
770 440 891 497 Nolani
909 440 1054 511 episcopi

503 622 549 686 sic
570 620 629 685 iste
653 618 796 685 tersitem
819 618 852 684 in
876 635 997 683 sacram
1019 617 1109 701 panis
1133 614 1259 681 domum

553 742 610 789 ues
634 724 802 789 antecessit
823 722 917 804 lilius,

502 833 538 895 07
561 833 594 894 07
613 832 762 912 parentes
785 831 895 911 pascat
917 832 949 893 et
971 827 1083 892 fratres
1107 843 1180 890 0000

401 944 461 998 710
557 936 589 999 10
612 932 704 997 107100
727 932 837 997 mundi
858 933 953 1013 fame,

502 1038 558 1103 ubi
580 1043 665 1106 terra
686 1038 817 1103 tribules
840 1053 949 1121 parere
972 1036 1062 1103 nobis
1085 1036 1200 1121 largior

435 1156 438 1161 ·
554 1146 627 1227 eget
647 1142 800 1207 bonorum
823 1141 975 1225 frugibus.

503 1248 608 1315 ethic
631 1246 762 1332 spadoni
782 1246 930 1311 00001700
954 1245 1014 1311 dici
1036 1248 1149 1330 potest,

554 1353 627 1436 quia
649 1351 803 1417 castitatis
827 1368 937 1415 seruus
964 1354 1021 1431 est,

400 1466 461 1521 715
507 1458 614 1539 etqui
636 1458 668 1522 in
692 1454 800 1521 Seueri
822 1456 872 1519 ius
896 1472 1088 1537 manumque
1111 1458 1160 1521 est
1181 1454 1315 1519 traditus

555 1561 702 1643 spadonis
725 1559 765 1625 eb
787 1574 922 1645 regnum
946 1559 1004 1639 dei,

504 1681 564 1746 que
588 1665 748 1730 nutriente
770 1663 935 1729 roboratus
959 1664 991 1727 in
1013 1662 1107 1728 fidem

555 1774 586 1834 et
608 1769 787 1834 castitatem
811 1768 995 1849 masculam,

504 1874 681 1939 irretientis
703 1874 822 1939 saeculi
844 1889 993 1957 pompam
1016 1872 1141 1938 inlicem

399 1987 459 2043 770
555 1981 592 2043 07
612 1978 818 2061 inpudentem
840 1978 994 2043 seminam

503 2087 590 2149 caste
612 2082 765 2165 superbus
786 2085 915 2165 respuet
935 2082 1059 2147 fastidio

554 2187 698 2270 nudaque
720 2188 834 2252 uitabit
855 2187 932 2271 fuga

504 2295 537 2357 et
558 2295 736 2357 anteuertet
756 2292 878 2375 gaudiis
900 2291 1069 2356 letalibus

556 2414 673 2480 peenas
696 2397 850 2461 salutares
872 2397 947 2479 pati.

397 2512 458 2568 775
502 2505 539 2567 07
561 2503 613 2566 1110
637 2502 806 2584 quendam,
830 2502 876 2567 sic
899 2502 989 2567 mede
1012 2504 1072 2567 iste
1095 2521 1252 2568 carcerem

555 2624 610 2690 pro
632 2607 775 2672 castitate
797 2606 945 2689 perierat,

505 2715 542 2775 07
564 2728 584 2774 0
605 2711 735 2775 1000070
757 2710 956 2794 singulariter
979 2711 1091 2776 sedens

556 2813 712 2898 tacitaque
735 2814 876 2880 seclusus
899 2815 991 2880 domo

505 2923 591 2984 amet
613 2919 735 3001 quietae
758 2923 842 2984 tecta
864 2919 1054 2999 0017001010,

400 3031 461 3088 730
558 3025 657 3108 spinis
680 3027 713 3089 07
735 3041 825 3088 aures
851 3025 959 3107 sepiat.

505 3128 650 3193 domibus
673 3127 815 3193 ciberum
837 3129 995 3211 praeferet
1016 3130 1120 3194 luctus
1143 3129 1282 3210 demum,

554 3237 592 3296 07
613 3234 763 3318 gaudium
784 3233 861 3298 fietu
888 3237 972 3298 serat

504 3355 636 3419 seseque
659 3336 744 3402 duris
768 3341 879 3419 sponte
903 3341 1009 3402 nectet
1030 3337 1164 3422 legibus,

556 3442 667 3526 culpae
690 3445 726 3506 07
746 3442 885 3507 resoluat
907 3441 1040 3508 uinculis

400 3553 460 3610 705
505 3547 737 3629 patientiaeque
761 3547 934 3630 conpedem
956 3548 1086 3631 inponat
1108 3545 1178 3628 eibi,

553 3670 612 3716 nec
635 3651 708 3716 sede
731 3670 789 3716 nec
813 3669 909 3716 seusu
932 3669 1041 3736 uagus.

289 3881 339 3934 707
357 3877 481 3932 tersitem
493 3879 556 3947 ΒΟ,
574 3878 692 3933 forsanv
745 3880 796 3935 710
815 3877 997 3948 famelicam,
1015 3879 1115 3934 samem
1127 3879 1204 3936 BOe
1256 3881 1307 3935 714
1326 3879 1391 3948 quia

244 3964 327 4034 Bov,
346 3965 392 4033 qui
409 3965 498 4022 Rcaw.
564 3968 615 4023 715
633 3966 719 4022 0100
788 3965 904 4020 traditus
922 3969 964 4020 cst
981 3967 1008 4022 B
1079 3968 1130 4024 718
1148 3966 1299 4020 castitatem
1317 3967 1389 4022 ceni.

244 4054 428 4121 chlunecietm
448 4054 586 4107 caritatem
604 4053 680 4110 Boe
737 4053 1216 4123 719100171007100100010071οΒ
1278 4055 1327 4110 721
1348 4070 1388 4108 ra-

244 4139 316 4207 spnit
328 4140 416 4207 1300,-
433 4156 481 4195 cm.
495 4141 672 4196 Zeclemcalstcr
724 4141 828 4210 respuit
840 4139 971 4210 superbus
982 4142 1010 4196 Β
1065 4143 1117 4197 722
1128 4140 1229 4195 uitauit
1240 4142 1329 4208 Rom
1339 4157 1389 4196 em.

244 4227 420 4282 chtueeietcr
473 4229 524 4283 723
542 4229 692 4282 auteuertet
714 4228 765 4295 Oe,
784 4227 902 4284 antefert
920 4231 948 4283 et
959 4229 994 4296 B,
1013 4229 1160 4283 anteuertit
1171 4229 1283 4283 Letum
1334 4227 1389 4282 lae

244 4311 391 4371 talibusO
448 4316 499 4370 729
518 4314 653 4383 0010700
708 4316 760 4371 733
778 4314 921 4384 00710000
978 4317 1030 4371 734
1048 4315 1143 4369 0100110
1161 4316 1189 4370 Β
1247 4317 1298 4372 735
1317 4330 1389 4370 cam-

243 4399 312 4468 0000
330 4401 357 4455 Β
410 4403 461 4456 736
479 4400 541 4455 sede
558 4419 591 4457 cx
609 4399 642 4455 de
660 4401 731 4456 seO
