3217 4950
238 404 301 469 356
469 420 653 475 Cerminum
673 421 699 475 S.
712 420 844 474 Paulini
863 419 981 473 Nolani
1000 419 1145 489 episcopi

350 608 400 655 216
445 600 587 671 Christus,
603 600 695 660 securi
712 602 827 659 tandem
844 616 920 659 noua
934 598 1039 673 gaudia
1054 598 1154 657 mundi

495 687 656 746 innumeris
672 688 776 745 dudum
792 686 901 760 scripta
915 686 1120 757 uoluminibus,

445 774 586 845 Christus,
603 790 750 833 caecorum
765 774 871 844 lumen,
888 773 1020 849 purgatio
1037 772 1142 847 leprae,

496 862 612 920 auditus
627 861 733 931 surdis,
749 860 881 921 sollicitis
896 860 1020 934 requies,

444 948 607 1007 claudorum
622 965 751 1024 gressus,
766 950 909 1005 mutorum
924 947 1034 1021 lingua,
1051 947 1211 1021 redemptor

350 1042 401 1092 220
497 1035 574 1095 orbis
591 1039 619 1094 ot
634 1034 739 1094 eddicti
754 1052 824 1093 uera
839 1034 920 1093 selus
933 1034 1041 1108 populi,

444 1122 564 1195 pertulit
578 1125 713 1181 aeternus
729 1121 887 1181 communis
902 1121 1029 1180 claustra
1044 1120 1187 1195 sepulchri

496 1211 527 1267 et
540 1213 638 1269 manet
653 1212 788 1268 aeternus
804 1225 889 1283 quern
904 1208 999 1267 tenuit
1014 1208 1151 1267 tumulus.

445 1295 614 1356 immortalis
629 1298 706 1366 erat3
723 1298 768 1355 est
783 1298 923 1365 mortuus,
940 1298 970 1353 et
984 1296 1064 1354 modo
1079 1293 1169 1363 uiuit3

496 1386 565 1442 aute
580 1384 649 1441 deus
664 1383 746 1441 homo
762 1386 822 1451 est;
839 1399 917 1442 nnuc
933 1383 1001 1441 deus
1017 1399 1051 1440 ex
1066 1380 1180 1463 homine

350 1478 401 1525 225
446 1470 612 1529 conscendit
626 1469 736 1528 caelmn
750 1473 864 1528 sacratu
880 1468 945 1528 sede
961 1469 1106 1542 receptus;

497 1560 652 1632 perpetuus
668 1557 799 1616 dominus
815 1559 860 1615 est
875 1557 937 1614 eret
952 1557 981 1615 et
995 1554 1102 1614 ueniet.

445 1645 478 1700 tn
494 1645 576 1718 peter
590 1643 755 1717 ingenitus3
771 1642 888 1717 genitus
903 1642 957 1701 tibi
973 1641 1060 1713 filius,
1078 1658 1111 1701 er
1126 1643 1155 1699 te

497 1747 557 1787 non
571 1730 689 1804 genitus
704 1732 824 1788 senctus
841 1728 960 1803 spiritns
976 1728 1136 1802 egreditur;

447 1816 495 1891 qui
511 1834 622 1891 semper·
637 1816 748 1875 medius
763 1816 840 1875 inter
855 1819 1011 1889 metumque
1027 1817 1192 1889 patremque

352 1910 403 1959 230
499 1904 626 1962 sentitm·
641 1904 741 1973 sentit,
757 1902 883 1962 traditur
898 1902 1046 1976 accipitur,

447 1990 608 2050 sanctificat
622 1991 715 2065 spirat
729 1989 903 2060 dominatur,
918 1991 997 2048 totus
1013 1989 1118 2063 ubique
1133 1991 1187 2059 est,

499 2094 615 2137 accessu
631 2077 776 2148 emundet,
792 2076 942 2135 munditiis
958 2075 1079 2149 capitur.

447 2165 593 2224 dnmmodo
610 2164 659 2239 qni
674 2164 778 2238 religat
791 2163 849 2222 tris
864 2162 990 2233 nomina,
1007 2164 1066 2221 tres
1082 2178 1194 2236 quoque
1209 2159 1315 2221 formas

498 2269 589 2310 unum
604 2251 752 2311 consultus
768 2268 828 2309 non
844 2253 931 2325 neget
946 2266 1009 2308 osse
1025 2250 1117 2317 deum,

352 2348 403 2397 2³5
447 2338 566 2397 uirtutis
582 2338 694 2408 similis,
711 2336 815 2396 similis
829 2335 957 2411 pietatis,
974 2336 1121 2409 idipsum,

498 2442 589 2484 unum
604 2442 662 2484 non
678 2441 777 2495 unum,
794 2426 843 2484 sed
860 2440 941 2498 mage
957 2424 1053 2482 credat
1067 2422 1150 2482 idem.

447 2513 516 2571 haec
532 2531 594 2587 ego,
610 2531 670 2572 non
684 2514 825 2585 quantum
841 2511 920 2572 uolui
934 2527 986 2584 pro
1001 2511 1126 2584 pondere
1142 2526 1247 2578 rernm,

502 2601 551 2659 sed
567 2601 708 2673 quantum
724 2598 805 2657 uitiis
821 2597 978 2672 implicitus
992 2597 1082 2672 potui.

447 2690 480 2745 tu
495 2687 626 2757 concede,
641 2688 733 2759 peter,
749 2687 832 2744 duret
848 2684 917 2743 mihi
933 2700 1044 2760 semper
1060 2686 1092 2742 ut
1108 2683 1166 2742 ista

352 2782 405 2830 240
501 2791 561 2832 una
576 2791 662 2849 snper
677 2773 756 2830 trina
770 2773 888 2830 nomina
903 2771 1065 2830 credulitas.

714 2997 910 3048 OABHEN
928 2996 1007 3048 1111.

448 3123 543 3184 Verba
557 3123 601 3182 tui
615 3120 726 3194 famuli,
741 3140 791 3180 rex
807 3139 925 3192 summe,
942 3120 1058 3178 attende
1074 3136 1194 3179 serenus

499 3211 609 3284 respice
624 3213 653 3267 et
667 3209 800 3267 affectum
816 3226 879 3267 cum
894 3207 1002 3282 pietate
1017 3223 1119 3265 meum.

448 3315 511 3356 sum
527 3297 623 3368 miser,
638 3298 804 3367 utmorem,
821 3299 960 3369 quantum
975 3294 1024 3352 nix
1038 3293 1115 3352 ullus
1131 3289 1163 3351 in
1178 3294 1245 3352 orbe
1260 3293 1319 3361 est;

500 3402 612 3458 semper
628 3383 706 3442 inest
721 3383 816 3441 luctus
831 3382 927 3441 tristis
942 3384 971 3440 et
986 3382 1056 3440 hora
1070 3379 1149 3438 mihi.

388 3480 405 3528 o
449 3471 590 3546 septimus
605 3487 701 3529 eunus
716 3471 808 3540 adest,
824 3487 858 3528 ex
873 3485 928 3542 qno
944 3485 1020 3527 nona
1034 3483 1121 3526 causa
1136 3466 1246 3526 dolores

502 3557 676 3632 multiplices
691 3559 812 3632 generat
826 3559 855 3614 et
870 3573 933 3614 mea
947 3556 1031 3614 corda
1047 3553 1149 3628 quatit.

448 3646 580 3720 captiuus
596 3644 685 3703 extris
701 3646 807 3702 extunc
821 3659 976 3717 germanus
992 3641 1023 3700 in
1038 3641 1095 3701 oris

501 3735 546 3791 est
561 3749 650 3801 mens,
667 3729 774 3789 afflicto
789 3731 903 3804 pectore
919 3729 1013 3787 nudus
1028 3745 1126 3802 egens.

448 3820 527 3879 illius
543 3819 574 3877 in
589 3818 684 3892 patria
699 3817 825 3876 coniunx
839 3816 1002 3874 miseranda
1016 3831 1067 3889 per
1082 3830 1180 3873 omnes

372 3915 406 3964 10
500 3906 644 3964 mendicet
658 3905 768 3979 plateas
784 3920 832 3961 ore
847 3905 988 3962 tremente
1003 3901 1089 3960 cibos.

448 3996 586 4068 quattuor
599 3993 653 4051 hec
667 3991 745 4065 turpi
762 3993 845 4051 natos
861 3991 1008 4048 sustentet
1023 3991 1058 4048 ab
1073 3989 1145 4059 erte,

286 4171 405 4242 2171550‘
421 4187 543 4226 cecorum
563 4173 588 4227 Τ
637 4172 689 4226 233
706 4172 813 4236 tresque
830 4183 934 4236 qnoque
954 4168 980 4222 Τ

285 4260 351 4314 IIII.
372 4262 400 4314 Τ.
415 4290 446 4298 -
462 4259 503 4313 De
515 4258 667 4313 domesticis
686 4257 740 4309 suis
758 4253 956 4309 calamitatibus
968 4255 1050 4308 inem.
1064 4253 1128 4307 Mai
1179 4253 1196 4306 9
1209 4249 1304 4305 coniux
1315 4249 1380 4305 Mai

243 4376 276 4429 lo
293 4339 379 4442 plote}
399 4373 424 4427 Τ
472 4374 603 4426 tremente
624 4373 648 4425 Τ
