3217 4950
588 422 614 476 S.
628 421 760 476 Paulini
779 423 901 477 Nolani
919 423 1066 492 episcopi

358 598 520 680 spondeat,
543 599 582 663 ab
606 603 715 664 saneta
737 600 881 683 quisquis
903 599 1105 676 renouabitur
1127 598 1221 680 unda,

359 703 425 785 ipse
449 703 480 766 in
504 722 538 768 ee
561 703 693 768 nihilum
717 721 777 786 que
799 704 980 786 purificetnr
1001 702 1139 768 habebit.

360 823 395 870 ec
418 825 457 870 ne
480 807 571 891 plura
593 806 650 872 tibi
672 808 769 873 uarie
793 806 979 891 ambagibus
1003 809 1103 887 edem,

360 909 446 974 Eliee
468 910 616 975 meritum
639 910 749 976 dectus
773 913 892 977 nescire
915 911 1058 976 sacerdos

298 1021 337 1077 ‘15
361 1033 423 1079 nun
446 1018 545 1097 petes,
569 1033 679 1080 exosae
702 1016 756 1098 qui
778 1017 888 1082 mertis
910 1016 980 1099 lege
1003 1015 1136 1080 remissa

361 1123 522 1185 aeternam
544 1120 629 1204 degit
650 1122 773 1204 proprio
796 1138 869 1184 cum
891 1120 1150 1204 demerendam,

360 1225 470 1307 igneus
494 1224 651 1288 excelsum
674 1243 767 1308 quern
791 1225 877 1289 uexit
898 1225 939 1290 ad
960 1225 1089 1290 aethera
1110 1241 1219 1288 currus

361 1326 581 1394 flammantum
604 1328 710 1410 rapide
734 1329 804 1393 nisu
828 1329 1020 1412 glomeratus
1034 1345 1209 1410 tuncrum

361 1433 443 1496 hunc
467 1435 538 1496 tuus
562 1433 709 1514 aequabit
732 1433 915 1498 meritorum
937 1435 1107 1498 stemmate
1130 1435 1222 1496 natus

299 1545 339 1600 80
362 1537 549 1602 tantundem
573 1540 604 1602 et
626 1537 726 1602 laudis
750 1537 845 1602 simul
869 1541 901 1601 et
922 1537 1048 1602 uirtutis
1070 1534 1206 1600 habebit.

363 1657 436 1724 ergo
459 1641 498 1706 ed
520 1640 689 1725 condignae
712 1645 799 1706 tantu
822 1659 878 1726 pro
901 1660 1032 1706 munere
1052 1646 1159 1724 grates

362 1765 401 1810 ne
424 1745 552 1812 dubiam
574 1747 730 1830 suspende
753 1745 858 1828 fidem,
882 1766 920 1811 ne
944 1750 1030 1811 moia
1051 1745 1187 1810 fauentis

362 1851 409 1914 ira
431 1850 480 1913 dei
502 1851 647 1915 meritam
670 1853 789 1916 statuet
811 1854 883 1935 pest
904 1851 1044 1935 praemis
1065 1867 1208 1933 poenam.

406 1954 483 2018 haec
506 1953 603 2020 ait-et
626 1957 736 2020 tenues
759 1956 893 2020 clabitur
916 1956 982 2020 ales
1004 1954 1038 2019 in
1060 1971 1152 2019 auras

302 2067 341 2122 85
364 2058 618 2142 fragrantemque
640 2077 728 2126 sacro
751 2060 859 2143 procul
881 2065 954 2125 aere
976 2059 1080 2124 fundit
1100 2059 1202 2123 edere.

364 2161 492 2248 diriguit
513 2164 634 2246 trepida
655 2163 804 2228 confusus
828 2167 934 2230 mente
956 2162 1111 2244 sacerdes,

365 2284 401 2332 ac
423 2267 498 2331 dnm
521 2267 712 2349 promissum
734 2269 913 2333 cunctantia
934 2268 1028 2333 cerda
1048 2266 1201 2346 volutant,

365 2371 440 2435 dnm
463 2390 497 2436 ee
519 2371 634 2437 diffidit
656 2375 780 2438 tantum
802 2373 954 2438 meruisse
976 2373 1126 2452 sanorem,

364 2480 400 2541 ut
423 2478 539 2543 summi
563 2478 602 2543 eit
623 2496 699 2543 cura
722 2478 781 2559 dei,
805 2479 953 2543 dimissus
976 2481 1011 2542 ut
1032 2478 1097 2541 alte

304 2590 344 2645 90
367 2581 497 2647 nuntius
520 2602 538 2646 e
560 2584 645 2647 caelo
668 2582 786 2648 famulo
809 2586 875 2647 tam
898 2582 984 2647 clara
1004 2582 1136 2646 referret

366 2702 384 2749 e
407 2686 532 2751 demine
555 2686 703 2751 mandata
726 2705 782 2753 ene
806 2687 932 2770 ludique
954 2689 1090 2766 ueretur,

366 2789 549 2873 somniaque
571 2791 626 2855 iiie
647 2794 747 2873 putet,
771 2809 874 2857 meree
896 2792 972 2856 dum
993 2790 1117 2874 parcius
1139 2806 1239 2872 aeque

367 2893 514 2958 aestimat
535 2894 602 2977 ipse
626 2912 698 2961 sues
721 2914 779 2961 nec
801 2915 836 2960 ee
858 2895 1011 2961 meruisse
1032 2896 1160 2974 fatetur,

366 2996 497 3063 infidum
519 2999 596 3063 iacit
618 2999 687 3083 ipsa
708 2998 800 3075 fides3
824 2999 899 3065 dum
921 3000 1046 3065 credere
1069 2998 1199 3083 dignuin

305 3109 345 3163 95
369 3120 402 3165 se
425 3103 588 3183 nonnuli,
611 3120 727 3186 peenas
749 3104 966 3169 incredulitate
988 3106 1135 3169 meretur.

366 3206 508 3290 protinus
532 3206 681 3271 adstricta
703 3210 752 3273 est
774 3208 932 3275 dubitanti
952 3207 1195 3293 tinguendum,

369 3312 400 3373 et
422 3312 525 3375 metus
548 3309 646 3377 oblita
668 3311 717 3377 sui
739 3313 909 3395 molitaque
933 3313 1018 3379 uocis

369 3412 532 3479 articulare
555 3432 666 3481 sonum
688 3416 777 3501 pigre
800 3420 923 3500 torpore
946 3417 1093 3497 cohaesit,

369 3518 504 3601 dumque
528 3520 612 3604 cupit
634 3539 760 3585 narrare
783 3540 859 3587 suae
881 3521 1032 3587 miracrda
1053 3519 1148 3605 plebi,

285 3630 345 3685 100
368 3626 499 3687 conatus
521 3623 639 3691 frustra
660 3625 759 3690 defixo
782 3624 941 3691 obmutuit
962 3642 1023 3690 cre.

368 3732 507 3793 maestus
531 3728 598 3794 abit
620 3733 785 3813 uereatqne
807 3730 931 3795 inclusa
953 3733 1058 3797 mente
1081 3728 1220 3793 delorem

369 3837 400 3897 ct
422 3832 549 3897 ueniam
571 3834 680 3898 erratis
703 3850 816 3899 arcano
838 3835 872 3899 in
894 3834 984 3900 corde
1006 3835 1113 3917 preest
1153 3882 1160 3896 .

309 4057 344 4113 73
361 4056 438 4111 edem
456 4074 489 4115 ex
507 4057 598 4113 aedem
611 4059 644 4114 N
659 4062 724 4115 m.2
775 4062 811 4114 74
827 4058 897 4131 helie
912 4060 945 4115 N
994 4062 1029 4116 78
1045 4058 1214 4112 flammatum
1228 4058 1316 4113 Rcew.
1364 4072 1408 4110 ra·

265 4142 440 4215 pideLuqd„
459 4144 517 4214 rapi
533 4146 566 4201 N
615 4145 775 4214 glomeratos
788 4144 834 4202 N¹
886 4149 921 4203 82
940 4162 990 4200 neu
1008 4145 1118 4200 dubiam
1131 4147 1164 4202 N
1213 4148 1247 4203 84
1264 4160 1341 4199 auree
1358 4144 1393 4199 N
1396 4144 1408 4175 ¹

266 4259 300 4313 85
318 4255 528 4327 flagrantemque
540 4258 574 4313 N
576 4255 586 4289 ¹
630 4260 664 4314 87
683 4257 761 4313 corde
775 4260 809 4315 N
810 4259 821 4290 ¹
872 4258 1023 4315 uolutatN
1071 4261 1106 4315 90
1125 4224 1234 4313 nudus
1251 4258 1273 4327 (⁰
1289 4259 1363 4326 ct)
1377 4259 1414 4317 N

266 4374 300 4425 95
318 4386 415 4439 paenae
434 4370 479 4427 N²
534 4336 913 4441 101me⁰⁸estusc0m2JN
965 4374 1014 4427 102
1030 4376 1171 4443 praecatur
1186 4372 1231 4427 N¹
