3217 4950
669 461 848 518 Praefatio.
1211 453 1327 512 XXXXI

230 643 381 711 carmina
401 641 549 707 natalicia
569 641 676 704 decem
695 637 746 704 his
766 634 954 702 editionibus
973 633 1101 718 cognito
1114 633 1326 699 Ludouious
1369 629 1462 695 Mor.

189 747 378 814 Antonius
401 743 633 810 MuratorIus
656 747 742 807 tomo
765 741 866 826 priore
881 737 1118 802 Aaeedotoram
1132 735 1327 821 (Mediolani,

188 853 269 938 typis
292 850 419 934 Iosephi
441 847 588 914 Pandnlli
610 847 798 912 Malatesiae
823 841 920 925 1697)
945 842 1047 908 tribus
1069 843 1160 908 nouis
1181 841 1238 921 XI,
1253 841 1327 922 XII,

189 955 266 1021 XIII
283 955 340 1038 (=
355 971 449 1019 carm
462 950 515 1033 21,
528 949 580 1032 22,
593 949 650 1036 23)
666 969 703 1016 ex
718 950 823 1016 codice
837 947 1048 1013 Ambrosiano
1064 943 1123 1032 (A)
1141 946 1227 1010 auxit
1240 945 1328 1010 inde·

189 1079 247 1143 qna
270 1076 398 1124 carmen
421 1055 464 1120 32
487 1055 620 1138 accepit;
650 1055 700 1119 hIs
731 1057 822 1118 notas
851 1055 884 1117 et
910 1050 1144 1116 dissertationes
1169 1049 1263 1115 XXII
1290 1049 1328 1113 do

189 1161 321 1246 siugulis
351 1161 416 1226 fera
446 1158 598 1245 personis,
629 1157 819 1242 quibuscum
846 1155 1000 1221 Paulinus
1032 1155 1217 1220 coniunctus
1251 1157 1328 1234 arat,

190 1269 242 1330 aut
270 1264 366 1330 rebus
396 1265 494 1348 gestis
526 1280 632 1328 sorum
663 1260 807 1326 subiecit.
850 1261 928 1325 haec
955 1260 1061 1324 omnia
1085 1277 1159 1323 cum
1180 1256 1330 1324 Lebruuii

190 1369 421 1434 commentariis
438 1364 602 1433 coniuncta
616 1366 650 1431 iu
666 1363 834 1431 editionem
850 1363 1056 1429 aMuratorio
1076 1366 1227 1443 curatam,
1250 1380 1329 1445 quae

190 1473 330 1538 Veronae
353 1472 436 1556 typIs
458 1469 601 1555 Dionysii
622 1469 808 1535 Romanuini
832 1465 916 1531 1736
937 1467 1065 1552 prodiit,
1085 1467 1284 1532 uansierunt

234 1599 383 1667 Carmina
411 1601 558 1666 natalicia
578 1599 635 1680 XI,
650 1599 713 1664 XII
736 1602 769 1664 et
789 1597 870 1664 XIII
891 1597 931 1662 D.
947 1597 1023 1662 Ioh.
1038 1595 1216 1680 aloysius
1239 1595 1331 1662 Min·
1374 1587 1479 1676 Misq-

192 1705 326 1790 garelli
355 1704 389 1769 in
419 1701 655 1767 Aneedetrm
677 1700 848 1788 fasciculo
878 1701 1019 1784 (Romae,
1043 1705 1160 1785 sumpt.
1183 1699 1331 1766 venantii

192 1807 364 1874 Monaldini
393 1809 476 1892 typis
506 1807 551 1874 Io.
579 1807 722 1891 Zampal)
752 1824 780 1872 a.
803 1803 887 1870 1756
921 1806 1133 1870 emendatiora
1161 1803 1267 1885 edidit,
1296 1805 1330 1869 iu

190 1913 249 1977 hoa
270 1931 304 1976 re
327 1912 432 1976 codice
447 1911 638 1978 Bononiensi
656 1908 712 1996 (a)
729 1929 816 1976 usus.
852 1913 1014 1993 praeterea
1032 1909 1137 1974 umiae
1160 1909 1331 1993 scripturas

193 2015 230 2080 ad
251 2017 355 2099 priora
368 2015 495 2080 Paulini
510 2015 650 2079 carmina
665 2033 701 2080 ax
716 2013 820 2079 codice
837 2011 895 2098 (A)
917 2031 990 2077 cum
1004 2011 1179 2077 Veronensi
1198 2012 1331 2078 aditIona

193 2115 306 2184 collata
328 2117 583 2184 communicauit.

235 2247 370 2314 Carmen
394 2245 436 2312 32
458 2253 625 2333 postquam
647 2245 680 2312 in
703 2245 808 2312 codice
829 2243 1014 2312 Monacensi
1028 2245 1062 2308 D
1083 2245 1250 2312 inuentum
1273 2251 1332 2327 est,

194 2349 351 2417 Bursian
373 2352 405 2417 in
421 2351 544 2435 scriptis
560 2349 737 2416 academiae
753 2349 953 2417 Monacensis
976 2347 1086 2436 (1880,
1101 2351 1127 2416 1.
1142 2351 1223 2416 Phil.
1240 2351 1334 2435 phil.-

194 2451 264 2522 hist.
283 2451 329 2522 cl.
346 2459 422 2523 tom.
440 2453 466 2539 I,
484 2453 516 2541 1)
532 2453 640 2521 multis
656 2453 733 2521 locis
750 2453 953 2521 amandatum
975 2459 1007 2521 at
1029 2457 1216 2540 aprIcatum
1231 2457 1332 2522 danao

195 2558 297 2626 edidit

239 2688 329 2771 Quod
351 2690 391 2755 ad
412 2690 491 2754 hasa
512 2690 653 2755 oarmIna
675 2689 774 2755 adieci
796 2709 843 2756 nr.
860 2688 904 2755 33
918 2709 938 2755 a
952 2688 989 2756 G.
1006 2689 1179 2757 Brundusio
1193 2691 1332 2774 demum,

195 2793 246 2876 qui
261 2796 334 2877 post
348 2792 516 2859 Moralium
537 2794 571 2859 iu
586 2793 632 2859 cl.
649 2794 744 2859 Marii
759 2794 893 2859 Victoris
917 2794 1052 2860 aditione
1075 2794 1217 2878 (Parlaiis
1234 2794 1333 2879 1560)

195 2902 226 2962 at
251 2896 430 2963 Fabricium
457 2894 557 2983 (Poct.
580 2906 643 2961 eet.
666 2896 773 2969 coelae.
797 2918 895 2983 oper,
917 2898 1060 2963 Basileus
1084 2898 1178 2979 loco,
1200 2919 1230 2982 p.
1255 2897 1333 2984 782)

194 3002 225 3066 in
248 3000 336 3067 Stud.
353 3001 487 3067 Vindob.
508 3005 583 3067 tom.
605 3002 667 3067 XII
689 3022 719 3086 p.
736 3000 801 3067 280
817 3021 884 3085 sqq.
913 3002 953 3067 ad
978 3002 1107 3067 unicum
1133 3004 1273 3069 codicem
1298 3002 1339 3067 N

194 3106 383 3191 recognouit,
417 3106 543 3171 Paulini
577 3124 646 3171 essa
680 3106 931 3171 demonstratum
969 3110 1026 3171 est
1071 3111 1162 3172 notas
1199 3110 1334 3193 margini

196 3208 380 3293 exemplaris
402 3208 579 3290 Moralium,
610 3210 691 3292 quod
713 3209 921 3275 bibliothecae
943 3209 1132 3275 Bodleiauaa
1155 3214 1204 3277 ast
1225 3211 1333 3294 (Aust
1377 3213 1473 3280 Bodi.

195 3310 278 3379 XV.
295 3311 362 3395 30),
385 3313 522 3378 adiectas
542 3313 662 3397 collega
681 3314 818 3397 optimus
838 3312 872 3378 O.
889 3311 1025 3379 Schenkl
1047 3332 1171 3379 mecum
1193 3330 1334 3381 commu·

196 3417 320 3481 nicauit.

237 3546 275 3613 In
304 3547 364 3611 isc
391 3546 524 3611 ediIIoue
555 3546 674 3611 eisdem
704 3562 782 3631 quas
813 3546 847 3611 iu
874 3548 1068 3631 praefatione
1094 3548 1156 3615 uol.
1177 3550 1334 3617 XXVIIII

196 3668 225 3733 p.
240 3650 348 3715 XXVI
370 3650 497 3733 exposui
519 3650 672 3716 adductus
695 3652 798 3715 causis
822 3651 962 3717 ordinem
989 3654 1163 3717 carminum
1186 3672 1205 3718 a
1226 3652 1334 3719 Mura-

199 3754 277 3818 torio
298 3754 481 3819 institutum
501 3754 627 3836 retinui,
649 3756 710 3820 nisi
732 3754 816 3837 quod
837 3774 948 3820 uersus
971 3773 991 3820 a
1012 3758 1158 3841 Dungelo
1185 3776 1222 3823 er
1244 3763 1334 3825 nata-

197 3856 276 3923 liciis
292 3856 394 3921 adhuc
410 3858 603 3923 conseruatis
618 3860 741 3939 citatos,
763 3877 840 3942 quos
855 3860 908 3924 ille
924 3860 963 3924 ad
978 3860 1141 3945 Roswoydi
1156 3864 1334 3947 exemplum

199 3964 234 4024 ut
263 3960 403 4025 carmmu
424 3980 471 4025 nr.
488 3958 617 4025 30-34
644 3980 785 4027 seorsum
817 3963 924 4045 edidit,
953 3964 986 4028 iu
1017 3966 1130 4030 sariam
1160 3968 1334 4032 carminum

200 4081 260 4128 non
280 4064 400 4147 recapi3
424 4065 595 4147 scripturae
618 4084 725 4131 eorum
748 4068 907 4132 parlantes
930 4069 996 4131 suis
1018 4069 1095 4133 loeis
1111 4070 1234 4135 adlatae
1249 4074 1334 4151 sunt,
1454 4140 1458 4148 ,

201 4168 334 4233 natalicii
364 4184 438 4231 uero
468 4168 558 4232 hodie
589 4168 742 4254 deperditi
765 4170 944 4254 augmenta
965 4176 1001 4235 ut
1021 4190 1146 4238 carmen
1169 4171 1211 4236 29
1232 4175 1334 4258 posui.

201 4270 362 4337 Muratorii
384 4289 459 4336 uero
482 4272 606 4338 numeri
620 4291 640 4337 a
655 4272 860 4339 LebrunIanis
881 4275 954 4340 indo
976 4294 996 4340 a
1017 4278 1156 4342 carmine
1174 4274 1213 4340 18
1236 4278 1336 4343 dlaco-

202 4373 288 4455 dunt,
314 4378 386 4458 post
412 4374 494 4457 quod
516 4376 569 4441 ille
591 4377 731 4442 carmina
752 4378 814 4443 tria
835 4376 902 4463 (19,
917 4376 971 4461 20,
987 4377 1043 4463 21)
1070 4382 1102 4445 in
1125 4380 1335 4447 Ambrosiano
