3217 4950
246 441 313 495 VIII
726 439 905 494 Praefatio.

246 617 268 680 f.
285 613 451 680 37“-40“
486 617 634 680 secuntur
668 615 808 680 carmina
842 616 997 698 quaedam
1027 611 1237 698 Anthologiae
1270 613 1385 678 latinae

355 720 411 801 (=
434 717 623 785 ola-657⁰
639 717 702 804 lt).

291 825 342 890 Ad
372 825 487 890 codicis
517 825 612 890 fidem
642 827 673 890 et
702 824 922 890 auctoritatem
951 825 1033 888 iuste
1063 823 1293 888 aestimandam
1324 840 1385 887 non

246 929 323 994 nihil
338 933 460 995 rectum
475 929 513 993 de
529 930 626 994 totius
648 929 850 1010 collectionis,
871 946 965 1012 quam
985 928 1134 1008 continet,
1154 927 1283 994 consilio
1302 927 1386 990 umet

249 1033 406 1098 iudicium.
451 1033 579 1098 fuerunt
609 1033 693 1098 enim
723 1033 777 1115 qui
804 1033 886 1097 hanc
915 1032 1070 1116 syllogam
1092 1030 1132 1096 ab
1155 1032 1223 1114 ipso
1245 1031 1385 1095 Ausonio

245 1139 361 1202 factam
389 1137 441 1203 uel
468 1138 581 1202 saltem
603 1136 643 1202 ad
670 1137 736 1201 eius
764 1137 959 1202 uoluntatem
987 1137 1205 1200 concinnatam
1228 1136 1386 1218 putarent,

245 1245 280 1306 ut
300 1243 338 1306 A.
356 1241 447 1307 Riese
471 1241 614 1324 (Anthol.
630 1243 684 1308 lat.
701 1241 744 1324 Π,
760 1241 857 1325 prael.
873 1261 903 1324 p.
923 1239 976 1325 18)
998 1244 1029 1305 et
1047 1239 1160 1323 Pcipcr
1181 1239 1249 1322 (lib.
1265 1259 1295 1322 p.
1312 1236 1386 1318 273,

246 1345 342 1428 praef.
359 1364 388 1428 p.
405 1345 483 1411 VIII
499 1345 571 1428 sa),
602 1347 652 1410 uel
684 1345 722 1412 ab
749 1345 903 1428 Hesperio
933 1345 1111 1410 institutam
1142 1344 1386 1428 suspicarentur,

246 1450 334 1515 uelut
356 1449 496 1514 Brandcs
520 1447 617 1533 (Anu.
640 1449 715 1533 phil.
736 1447 830 1530 1881,
849 1468 879 1533 p.
897 1447 939 1514 65
955 1449 1048 1533 squ).
1087 1466 1167 1531 quae
1193 1451 1303 1512 contra
1329 1447 1387 1511 has

246 1555 419 1619 sententias
447 1554 567 1619 faciunt
593 1556 781 1638 argumenta
808 1558 844 1618 ut
870 1553 948 1619 mihi
974 1554 1099 1618 uidetur
1120 1552 1231 1637 gnoma
1252 1551 1387 1617 Schenkl

248 1657 359 1741 (prael.
375 1677 405 1741 p.
422 1657 558 1722 XXXVI
574 1657 655 1740 sqq.)
680 1658 810 1742 protulit
832 1675 945 1741 easque
968 1659 1013 1722 ita
1035 1657 1224 1737 emendacio,
1247 1659 1284 1720 ut
1305 1655 1387 1720 flori-

247 1763 363 1845 legium
388 1781 424 1826 er
447 1762 604 1846 opusculis
627 1762 818 1828 Ausonianis
841 1763 875 1827 in
898 1763 1022 1827 scholae
1045 1762 1176 1826 alicuius
1198 1780 1291 1826 usum
1314 1777 1387 1824 cou-

247 1867 410 1930 cinnatum
437 1867 469 1930 in
493 1867 645 1931 Vossiano
672 1867 775 1931 inesse
803 1872 897 1950 atque
924 1886 1008 1948 eum,
1036 1867 1089 1950 qui
1114 1867 1174 1930 hoc
1200 1864 1385 1948 florilegium

248 1971 484 2053 composuisset,
513 1971 630 2054 optimo
658 1972 761 2036 codice
786 1971 961 2054 aquodam
985 1974 1117 2056 cognato
1139 1970 1192 2035 uel
1213 1969 1387 2054 propinquo

247 2074 381 2138 Ausonii
413 2075 587 2156 conscripto
618 2092 711 2138 usum
742 2093 777 2140 ao
807 2076 991 2160 plerumque
1022 2074 1116 2140 ctiam
1146 2073 1297 2153 ordinem,
1328 2089 1388 2154 quo

248 2179 373 2261 singula
394 2166 545 2260 opuscula
566 2179 599 2243 in
622 2177 726 2242 codice
748 2179 802 2244 illo
826 2179 978 2262 disposita
1000 2181 1115 2261 essent,
1143 2180 1285 2242 secutum
1308 2195 1387 2256 esse,

248 2283 293 2346 ita
316 2286 433 2362 tamen
460 2285 497 2346 ut
519 2282 672 2364 quaedam
695 2284 727 2348 in
750 2283 810 2347 hac
836 2303 869 2346 re
893 2283 1076 2347 Immutaret
1102 2286 1197 2365 atquc
1223 2281 1294 2344 aliis
1322 2297 1388 2343 car-

249 2385 386 2450 minibus
411 2386 533 2450 omissis
558 2386 625 2450 aliis
645 2387 842 2470 transpositis
862 2387 972 2451 turbas
992 2386 1149 2467 excitaret,
1169 2385 1387 2456 urbinensium

248 2512 305 2553 noc
324 2488 420 2553 uideo
440 2491 541 2573 inquil
555 2511 585 2575 p.
602 2492 788 2557 XXXVIIII
809 2490 890 2576 quid
908 2490 1014 2573 obstet,
1036 2490 1206 2576 quominus
1226 2490 1263 2552 in
1281 2510 1387 2551 mona-

248 2594 345 2658 sterio
365 2593 434 2679 illo,
456 2594 541 2679 quod
560 2594 597 2657 in
611 2592 783 2659 Barbarae
798 2594 911 2658 insula
927 2595 1001 2679 (fult
1020 2596 1104 2660 enim
1120 2596 1292 2660 Vossianus
1312 2595 1387 2659 olIm

249 2699 452 2764 bibliothecae
483 2702 664 2765 monasterii
694 2698 724 2765 S.
745 2700 907 2765 Benedicti
936 2701 969 2765 in
999 2701 1103 2765 insula
1128 2699 1294 2765 lle-Barba
1323 2699 1388 2780 siti)

249 2800 389 2867 Carolus
410 2802 551 2889 Mapnus
571 2804 770 2886 condiderat,
782 2804 995 2891 florilepium,
1016 2802 1101 2888 quod
1122 2800 1389 2890 complectebatur

250 2916 399 2992 masupia
415 2930 454 2970 aec
467 2906 611 2972 Ausonio
627 2908 764 2973 adiectis
779 2908 879 2971 simul
895 2906 1089 2993 quibusdam
1103 2906 1289 2994 Symmachi
1303 2906 1388 2970 Pau-

251 3012 375 3097 linipue
397 3011 549 3098 epistulis
572 3022 600 3076 at
623 3009 826 3077 carminibus
847 3011 996 3097 Paulini,
1023 3010 1180 3097 Petronii,
1204 3010 1388 3076 Claudiani

250 3115 454 3200 aliorumque
486 3116 665 3203 empfcctum
695 3138 758 3181 esse
784 3127 947 3203 putemus,
978 3138 1039 3202 quc
1065 3116 1202 3200 scholas,
1233 3138 1314 3202 puae
1340 3114 1388 3179 ili

241 3217 390 3307 florebat,
414 3220 575 3307 discipuli
601 3218 790 3285 utaentur?

292 3326 376 3390 Anto
400 3344 517 3390 annum
541 3326 639 3391 MDII
662 3325 870 3391 Scnnacarius
894 3325 1020 3409 (Actius
1043 3324 1202 3409 Sincerusl
1225 3345 1262 3389 ex
1284 3325 1387 3389 codice

249 3430 400 3495 Vossiano
428 3434 503 3495 tunc
530 3432 626 3495 otiam
653 3430 685 3496 in
712 3432 816 3495 insula
841 3430 999 3495 Barbarae
1026 3434 1209 3495 conseruato
1238 3429 1389 3496 nonnulla

251 3534 417 3617 excerpsit3
462 3553 593 3616 quorum
625 3538 840 3619 excerptorum
871 3534 1051 3619 apographa
1079 3536 1171 3617 plura
1201 3552 1279 3618 quae
1306 3534 1388 3599 facta

172 3634 213 3701 W
252 3641 326 3702 suut
347 3656 409 3702 non
430 3656 577 3702 curamus
597 3641 722 3722 praeter
744 3657 854 3720 unum,
877 3637 959 3721 quod
981 3639 1013 3704 in
1036 3639 1140 3704 codice
1155 3638 1389 3703 vindobonensi

250 3740 332 3805 3261
357 3742 379 3806 f.
396 3738 435 3803 81
454 3742 552 3806 chart.
569 3760 651 3807 saec.
667 3742 742 3807 XVI
768 3747 840 3825 post
862 3743 1083 3808 lindlicherum
1110 3747 1253 3807 accurate
1277 3762 1296 3807 a
1318 3742 1388 3805 Pei-

249 3863 323 3929 pero
347 3844 502 3929 descripto
526 3844 593 3928 (lib.
610 3866 639 3929 p.
657 3844 720 3910 345
736 3847 818 3930 sqq.)
842 3850 953 3927 exstat,
977 3848 1065 3911 cuius
1087 3847 1235 3912 lectiones
1258 3848 1298 3911 ad
1320 3864 1388 3911 ear-

250 3950 336 4013 urina
357 3948 379 4013 5
402 3954 433 4014 et
458 3948 498 4013 10
525 3950 736 4025 enotauimus3
775 3952 915 4016 continet
942 3955 1047 4015 autem
1072 3952 1094 4015 t.
1117 3949 1155 4013 Ῥ
1175 3970 1242 4033 sqq.
1264 3950 1386 4014 Paulini

251 4072 375 4118 carmen
399 4052 429 4135 5,
453 4053 585 4119 Ausonii
606 4054 765 4137 Epistulas
788 4054 1242 4139 24,2o,1-102‚23(Seh.),
1264 4055 1388 4119 Paulini

250 4160 289 4223 ao
312 4158 488 4223 Ausonium
512 4177 537 4222 c.
559 4160 607 4239 ll,
622 4158 737 4239 1—48,
761 4158 1029 4239 c.10,19-102.

176 4260 215 4323 Ν
297 4262 495 4328 Collectionis
527 4264 668 4328 diuersae
700 4264 885 4329 montorium
916 4269 1022 4329 seruat
1053 4264 1147 4328 codex
1178 4264 1277 4329 Paris.
1302 4263 1387 4327 7558

251 4367 383 4431 membr.
400 4368 421 4429 f.
441 4365 502 4430 168
519 4388 544 4431 s.
558 4367 651 4432 VIIII
675 4368 731 4451 (=
747 4370 812 4433 cod.
830 4367 964 4434 colbert.
981 4368 1078 4449 4133,
1097 4368 1214 4451 Regius
1230 4366 1325 4431 6411.
1342 4368 1387 4453 5),
