3217 4950
251 399 314 463 310
584 415 610 469 S.
623 415 758 471 Paulini
776 415 897 470 Nolani
914 416 1062 486 episcopi

323 600 362 654 65
407 596 443 657 ut
465 593 542 657 mihi
564 612 619 677 per
642 592 803 661 Christum
826 592 971 657 caelestis
994 592 1098 675 image
1120 591 1247 671 rediret,

457 698 510 779 qui
533 715 624 762 cruce
648 700 808 761 terrenum
832 696 1018 779 despoliarit
1039 695 1152 761 Adem.

407 820 532 866 carnem
554 802 649 885 igitur
673 805 870 883 mortemque
893 818 997 865 meam
1022 820 1111 866 mens
1133 802 1187 866 ille
1210 804 1330 866 creater

458 906 586 988 pertulit
609 910 640 971 et
662 924 770 970 cerum
794 910 896 969 morte
919 905 1055 969 redemit
1076 922 1164 988 epus.

407 1011 509 1075 multa
531 1011 607 1075 mihi
630 1011 757 1075 dederat
778 1010 866 1094 prins
890 1012 921 1073 et
942 1010 1099 1093 premissa
1121 1010 1230 1075 salutis

326 1123 365 1177 70
463 1117 494 1179 et
516 1118 692 1198 praecepte,
717 1114 830 1197 quibus
853 1133 910 1198 per
931 1114 1015 1179 bena
1037 1113 1196 1199 dirigerer.

408 1220 462 1283 sed
486 1219 560 1301 qnia
582 1238 639 1283 nec
661 1220 740 1303 legia
763 1220 866 1303 posite
888 1218 1097 1283 medicamine
1119 1219 1213 1301 primi

459 1325 635 1388 inueterata
656 1325 754 1407 petris
776 1324 909 1388 uulnera
931 1323 1084 1387 dilueram

414 1430 446 1493 et
468 1446 570 1510 neque
592 1428 774 1511 praemissis
797 1428 902 1493 diuino
925 1446 961 1492 er
984 1446 1036 1493 cre
1057 1428 1217 1512 prophetis

459 1536 620 1616 expectere
644 1533 693 1597 dei
716 1550 849 1596 munera
870 1532 1072 1612 credideram,

326 1646 364 1701 70
386 1639 442 1702 =et
463 1655 563 1721 genus
587 1637 759 1702 humanum
783 1637 904 1720 passim
927 1638 995 1701 sine
1017 1637 1085 1702 luce
1108 1636 1180 1702 fidei
1255 1653 1260 1666 ·’

460 1742 625 1824 desperata
646 1742 731 1805 salue
755 1745 908 1805 merserat
929 1741 961 1805 in
984 1742 1140 1822 tenebras,

408 1846 623 1931 regnabatque
646 1846 740 1909 simul
763 1849 928 1928 peceatum
951 1846 983 1911 in
1006 1862 1133 1928 corpere
1156 1848 1273 1927 nestro,

461 1968 546 2014 mers
568 1952 600 2014 in
624 1952 761 2034 peceato,
785 1950 919 2015 daemon
941 1950 974 2013 in
995 1950 1132 2031 interitu,

409 2054 631 2137 captiuumque
654 2055 815 2119 hominem
838 2054 938 2119 tristis
961 2059 1066 2119 metes
1089 2058 1121 2119 et
1143 2054 1238 2119 miser
1260 2070 1345 2119 error

326 2166 367 2221 80
464 2158 558 2223 altius
580 2160 614 2223 in
637 2162 772 2223 mertem
795 2158 1003 2242 praecipitare
1025 2158 1157 2224 dabant:

409 2263 530 2327 interea
551 2267 639 2345 peter
662 2264 728 2347 ipse
752 2263 822 2347 pole
846 2265 1015 2328 miseratus
1038 2263 1078 2328 ab
1102 2264 1165 2328 elta

463 2372 622 2433 errentum
645 2368 752 2451 lapsus
775 2368 940 2450 pestiferos
963 2369 1126 2433 hominum

411 2476 650 2556 serpentemque
672 2472 753 2538 truci
775 2472 990 2538 dominantem
1011 2472 1044 2538 in
1067 2477 1167 2538 morte
1190 2471 1356 2537 cadentum

415 2595 417 2598 ·
463 2595 526 2642 non
549 2578 621 2642 tulit
643 2581 674 2642 et
696 2582 807 2642 natum
830 2578 919 2643 misit
940 2578 979 2642 cd
1003 2595 1096 2643 emne
1122 2577 1249 2642 bonnm.

334 2687 372 2743 85
418 2682 520 2764 paruit
542 2681 595 2746 ille
618 2681 731 2764 libens,
754 2683 831 2746 deus
855 2683 960 2747 emnia
981 2700 1054 2746 cnm
1076 2686 1166 2767 petre
1188 2698 1324 2761 concers,

463 2803 663 2852 communem
686 2803 798 2850 curans
822 2805 890 2850 rem
912 2786 1029 2869 pietate
1051 2786 1129 2870 pari.

413 2889 541 2956 aduenit
564 2894 596 2955 et
618 2891 654 2955 fit
676 2891 769 2956 home
793 2895 826 2956 et
848 2892 981 2955 mixtum
1004 2892 1163 2976 perfectus
1186 2894 1317 2972 utreque

467 2995 603 3059 ostendit
625 2995 728 3079 fragili
751 2997 854 3060 earnis
877 2997 980 3060 inesse
1003 2995 1106 3060 deum.

412 3099 511 3164 utitur
532 3099 642 3164 officiis
666 3099 812 3181 heminiS,
836 3101 892 3165 eed
915 3104 947 3164 ct
969 3101 1056 3165 intus
1079 3100 1179 3184 operti

331 3211 370 3266 90
469 3204 559 3287 signa
581 3204 630 3267 dei
654 3204 784 3268 medicis
807 3203 905 3268 exerit
926 3204 1065 3288 inperiis.

412 3325 488 3372 uoce
509 3308 646 3372 heminis
669 3307 774 3372 diuina
795 3309 895 3388 dccet,
918 3308 1064 3374 mortalia
1086 3325 1160 3373 uere

465 3415 550 3476 extre
572 3415 736 3494 peceatum
758 3429 923 3496 corporeus
945 3415 1077 3497 peragit.

413 3515 528 3600 qnippe
551 3516 599 3580 sui
620 3535 690 3580 rem
712 3519 836 3582 tantum
858 3517 961 3601 operis
984 3515 1046 3582 eibi
1068 3517 1196 3582 reddere
1222 3533 1346 3596 curans,

463 3625 608 3686 naturam
631 3623 720 3686 uenit
741 3641 876 3702 sumere,
899 3639 962 3686 nen
984 3623 1108 3687 uitium.

303 3847 336 3900 66
359 3843 518 3914 despolieuit
540 3849 609 3902 cerei.
627 3847 769 3914 Bantius,
797 3863 824 3900 ee
851 3845 978 3915 spoliauit
1000 3847 1083 3903 BOT
1150 3849 1184 3904 68
1205 3856 1233 3901 et
1254 3845 1341 3901 carnis
1363 3862 1399 3900 m.

258 3931 371 4001 peremit
390 3934 458 3988 ccci.
472 3933 651 3989 Zecitrneistcr
720 3936 754 3988 70
776 3933 972 4002 praecepitaO
1042 3933 1170 4002 dirigeret
1187 3934 1215 3988 B
1284 3935 1315 3989 71
1335 3949 1400 4002 neg-

260 4018 334 4072 lectis
352 4019 380 4073 B
452 4021 484 4074 72
503 4019 614 4074 uulnere
632 4022 659 4075 B
747 4023 781 4075 73
798 4020 936 4089 promissis
957 4023 982 4075 Τ
1059 4021 1170 4090 proretis
1192 4021 1223 4090 0,
1241 4021 1400 4090 prophetem

259 4106 329 4162 roei.
348 4107 525 4161 Zectmeietcr
612 4109 644 4162 75
668 4105 726 4160 luce
752 4108 781 4170 Τ,
804 4106 862 4175 lege
884 4108 961 4162 1300
1047 4111 1081 4164 78
1098 4108 1214 4177 peccatis
1236 4107 1321 4160 hostis
1338 4107 1401 4161 ine

261 4193 294 4246 79
313 4191 394 4245 miser
413 4196 440 4245 et
459 4194 485 4246 Τ
533 4197 565 4250 81
586 4192 640 4246 alto
659 4199 699 4247 est
717 4195 786 4249 coeci.
801 4195 978 4249 Zertcwmter
1030 4196 1064 4250 82
1082 4193 1269 4249 errantiumO
1319 4194 1401 4264 pesti·

260 4277 428 4346 ferosqueT
488 4281 522 4335 86
540 4279 635 4349 pietati
652 4281 679 4335 B
741 4283 773 4337 87
792 4279 905 4334 mistum
926 4281 976 4335 OT
1034 4283 1068 4337 89
1086 4281 1227 4334 hominum
1245 4284 1273 4334 et
1289 4281 1405 4334 interT

260 4367 294 4420 90
312 4365 431 4433 imperiis
450 4366 512 4434 ΒΟ,
532 4367 627 4420 officiis
649 4369 673 4421 T
723 4370 753 4422 91
775 4382 838 4420 nero
858 4369 887 4435 Y,
907 4383 968 4421 nere
985 4369 1061 4424 BOe
1113 4369 1147 4424 93
1165 4385 1241 4422 cures
1264 4368 1287 4424 0
