3217 4950
532 503 660 543 carmen
677 486 773 553 XXVI,
786 489 933 544 317-373.

270 665 313 729 sic
335 664 421 729 Felix
443 665 560 747 pietate
582 668 704 748 potens,
728 665 801 747 quie
823 664 937 729 nobilis
963 666 1046 729 altae

270 770 429 835 consessor
451 770 550 835 crucis
575 773 632 851 est,
655 770 760 853 ipsum
783 770 874 851 quasi
896 770 1000 834 tristia
1021 787 1142 834 merrae

270 874 360 956 pocla
381 872 542 938 homiuem
564 876 675 938 mutet.
700 874 754 955 qui
776 892 861 939 nunc
882 872 1008 938 inflatus
1032 872 1144 939 acerbo

272 978 422 1043 daemone
445 978 607 1061 uipereum
630 997 685 1061 per
706 996 839 1061 spumea
860 977 950 1043 labra
972 996 1126 1061 saporem,

190 1090 249 1145 350
273 1100 425 1147 concussu
448 1081 582 1147 laterum
606 1086 638 1146 et
660 1084 802 1166 singultu
824 1083 960 1165 gutturis
983 1084 1079 1167 ampli

272 1186 397 1269 saepius
421 1185 567 1251 adsiliens
589 1185 683 1252 flatus
706 1185 853 1252 ructabat
874 1203 1008 1268 amaros,

272 1291 335 1355 iam
358 1294 443 1356 totus
466 1292 517 1356 uel
539 1292 624 1355 solus
646 1291 740 1356 homo
762 1292 795 1355 in
819 1309 877 1355 sua
898 1292 968 1356 iuro
988 1310 1134 1357 reuersus

273 1395 362 1461 dulce
386 1396 478 1479 sapit,
501 1414 614 1461 sanum
637 1397 736 1481 spiret
757 1395 977 1479 placidumque
999 1397 1148 1480 profatur.

317 1518 390 1584 ergo
413 1503 445 1564 et
466 1500 603 1567 Felicem
625 1500 752 1565 uirtutis
776 1500 901 1566 dextere
923 1501 1031 1585 cingit.

193 1612 252 1668 355
276 1604 347 1669 inde
370 1608 481 1689 potens
503 1606 608 1669 uarias
631 1604 789 1671 tenebrosi
812 1605 961 1688 principis
983 1610 1066 1670 artes

276 1709 404 1773 deuorat
426 1714 462 1773 ut
484 1709 623 1793 magicos
646 1708 769 1774 Moseie
791 1710 882 1793 uirga
903 1710 1062 1774 dracones.

275 1814 431 1881 cernimus
455 1832 526 1878 ecce
547 1832 639 1896 pares
662 1814 779 1879 domiui
802 1814 945 1877 caelestis
969 1814 1077 1879 adesse

276 1918 315 1982 ed
338 1917 486 1981 meritum
508 1916 622 1982 Felicis
645 1936 729 2001 opes,
753 1936 883 2000 operum
906 1937 1027 2001 quoque
1050 1919 1167 1983 formes
1273 1910 1280 1923 '

277 2040 445 2106 congruere
469 2026 500 2085 et
522 2039 736 2105 quaecumque
758 2025 865 2105 patres
887 2024 920 2086 in
943 2040 1070 2106 corpore
1093 2023 1194 2088 sancti

197 2135 256 2190 360
279 2126 430 2191 ediderint
453 2125 640 2191 documenta
662 2126 712 2189 dei
735 2126 803 2191 siue
826 2144 953 2209 corpore
975 2128 1084 2191 uiuum

278 2232 310 2296 iu
334 2230 457 2295 Christo
480 2230 616 2296 Felicem
641 2248 733 2313 agere
755 2231 933 2314 insignique
955 2235 1116 2312 potentem

279 2340 383 2400 mente
407 2336 556 2415 animam,
578 2334 673 2417 positi
696 2334 771 2399 dum
793 2336 929 2417 corporis
952 2352 1023 2399 ossa
1045 2335 1220 2417 quiescunt,

279 2442 350 2506 aute
374 2440 456 2506 diem
479 2439 596 2505 reditus
619 2440 711 2506 cleris
735 2440 938 2523 praetendere
962 2439 1070 2525 siguis,

280 2546 404 2629 qualem
426 2562 481 2630 pro
505 2546 625 2610 meritis
649 2545 691 2609 sit
713 2548 875 2629 gestatura
895 2562 1053 2624 coronam,

199 2657 259 2712 365
282 2669 354 2714 cum
378 2650 501 2714 steterit
523 2653 587 2715 toto
610 2649 770 2714 rediuiuus
794 2667 920 2732 corpore
943 2649 1041 2713 Felix.

281 2772 390 2819 omnes
414 2755 545 2837 quisque
567 2771 624 2818 suo
646 2752 814 2818 radiabunt
834 2753 953 2818 lumine
977 2754 1077 2818 sancti

281 2858 424 2924 dissimili
446 2857 567 2942 fulgore
589 2875 681 2940 pares
704 2875 762 2922 nec
784 2856 885 2922 iudice
908 2856 1033 2922 Christo

281 2963 360 3028 alter
382 2963 414 3026 iu
437 2962 567 3027 ulterius
590 2961 694 3026 meriti
716 2961 881 3046 dispendia
902 2965 1057 3036 crescent;

281 3066 424 3132 christus
448 3067 508 3131 erit
529 3068 650 3131 cunetis
673 3084 808 3150 regnum
829 3065 883 3130 lux
905 3067 973 3130 uita
994 3083 1116 3130 corona.

200 3178 261 3234 370
283 3172 399 3236 cernite
422 3169 584 3236 distinctos
608 3173 681 3234 actu
704 3170 758 3234 sed
781 3171 898 3235 honore
919 3171 1042 3253 iugotos

281 3279 542 3340 testamentorum
565 3275 741 3357 ueterisque
764 3275 899 3357 nouique
921 3275 1100 3358 magistros,

282 3381 314 3444 iu
337 3379 450 3463 quitus
472 3399 536 3446 oue
558 3380 643 3445 dedit
664 3381 808 3465 gemines
831 3379 986 3463 sapientie
1007 3380 1103 3462 leges.

283 3611 346 3682 356]
365 3611 421 3680 (m.
434 3613 459 3678 7,
472 3613 524 3682 12).

226 3831 274 3885 347
292 3829 405 3884 tristitia
422 3829 452 3883 D
516 3843 605 3898 myrra
624 3828 683 3892 ΒΤ,
702 3828 798 3882 mirrae
817 3828 870 3896 D²,
888 3829 970 3882 mirre
988 3829 1016 3884 Β
1084 3829 1136 3885 353
1153 3829 1275 3898 singulti
1293 3831 1321 3885 Β

185 3917 286 3984 guturie
304 3918 332 3972 A
385 3919 433 3973 351
454 3914 609 3970 aasilensT
664 3915 714 3971 852
733 3913 818 3984 selus]
837 3930 917 3968 sonus
935 3916 963 3970 Β
1024 3917 1077 3970 353
1093 3915 1276 3984 placitumque
1295 3917 1322 3971 Β

185 4003 235 4060 354
251 4003 442 4060 uirtutibusF
500 4001 582 4056 cineit
601 4002 627 4056 Τ
685 4003 736 4058 355
754 4000 877 4056 tenebras
895 4003 967 4057 etT
1016 4003 1068 4057 356
1086 4018 1176 4056 mosea
1193 4004 1228 4069 Β,
1247 4018 1322 4071 moy-

186 4090 259 4145 soiF
307 4093 358 4146 358
371 4089 473 4144 meritis
486 4091 512 4145 T
561 4091 613 4144 359
626 4091 783 4159 temporeT
833 4092 882 4145 361
901 4089 1064 4157 insignique]
1083 4089 1112 4142 in
1130 4089 1281 4158 christoque
1295 4091 1325 4144 Β

186 4179 235 4232 365
253 4180 310 4232 toto
328 4177 463 4231 rodiuious
480 4177 575 4244 ADF,
593 4178 668 4230 totus
686 4177 808 4230 rediuiuo
825 4178 881 4233 BF
942 4179 994 4232 366
1016 4176 1104 4229 omnis
1120 4176 1147 4231 Β
1211 4177 1323 4246 quisquo

186 4264 216 4318 in
241 4279 353 4333 cumque
379 4282 447 4320 corr.
470 4265 500 4318 D
526 4267 600 4320 m.2
668 4262 781 4332 lumine]
809 4279 917 4334 corpore
945 4265 975 4317 Β
1042 4265 1094 4320 368
1121 4268 1245 4317 crescunt
1266 4263 1324 4318 AD

187 4351 236 4406 370
255 4355 315 4406 autu
333 4351 422 4417 DET,
441 4359 516 4404 octus
533 4351 610 4406 ABo
667 4349 760 4404 beatos
778 4352 805 4406 F
858 4353 907 4406 371
928 4350 991 4403 noui
1010 4351 1036 4405 Τ
1094 4351 1146 4406 372
1162 4351 1271 4420 gemino
1288 4351 1323 4415 Β,

188 4437 363 4504 geminamF
411 4435 543 4505 legemF

1120 4525 1168 4575 17·
