3217 4950
688 445 868 503 Praefatio.
1252 449 1348 506 XXIII

203 622 378 704 composita
405 623 621 706 complectitur
649 627 680 686 et
704 626 830 705 praeter
858 623 997 688 codicem
1024 623 1260 688 Bruxellensem
1286 623 1346 708 (B)

204 745 299 810 supra
323 727 388 790 iarn
411 727 602 811 descriptum
624 725 767 810 pluribus
789 727 880 792 libris
903 728 1044 807 traditur,
1068 728 1121 811 qui
1144 733 1232 793 sunt:

248 830 352 896 Codex
364 829 592 896 Ambrosianus
610 830 643 896 Ο.
658 829 700 892 74
712 849 781 914 sup.
794 831 852 896 col.
866 831 929 896 bin.
942 833 964 896 l.
980 831 1038 895 141
1058 833 1189 898 membr.
1207 852 1232 897 s.
1243 835 1347 915 VIIII,
1392 834 1422 896 A

204 954 302 1017 quem
327 935 551 1000 Reifferscheid
573 936 604 1000 in
628 933 765 998 Petrum
789 934 846 1000 lat.
864 933 940 999 hibi.
957 935 1034 1001 Ital.
1051 936 1083 1002 II
1098 957 1127 1021 p.
1144 936 1274 1001 67—70
1297 939 1349 1002 de-

206 1039 343 1123 scripsit,
373 1039 628 1121 quaternionibus
655 1039 842 1104 XI-XIIII
863 1038 1004 1104 Paulini
1026 1039 1250 1106 Petreacrdiae
1276 1042 1348 1126 (sic)

203 1141 342 1206 Natales
372 1141 464 1206 XIII
490 1144 635 1208 continet.
674 1143 789 1228 pagine
819 1145 921 1226 prima
947 1145 1024 1209 haec
1052 1145 1191 1210 exhibet:
1224 1145 1265 1208 In
1292 1147 1350 1209 hoc

204 1246 371 1311 uolumine
392 1245 489 1334 infra
510 1245 730 1311 continentur:
754 1247 905 1311 Venantii
920 1247 1061 1312 Honorii
1080 1248 1257 1313 Fortunati
1275 1273 1350 1336 poe-

203 1361 297 1416 mata
323 1352 442 1434 omnin,
470 1350 623 1415 Aratoris
645 1349 848 1416 Subdiaconi
866 1373 983 1438 paeana
1008 1351 1047 1416 de
1074 1353 1158 1417 actis
1184 1353 1348 1439 apiarum,

205 1455 238 1520 S.
260 1455 402 1520 Paulini
428 1455 630 1520 Petrucordie
657 1455 747 1538 (corr.
768 1457 800 1521 in
823 1455 962 1542 Nolam)
989 1455 1129 1521 Natales
1153 1456 1245 1520 XIII
1267 1457 1349 1522 editi

204 1584 227 1624 a
254 1560 350 1626 taur.
371 1559 456 1625 And.
481 1559 667 1623 Mauretania
698 1558 744 1644 (S.
769 1559 1141 1625 Paulini-Muratorio
1169 1563 1238 1627 add.
1264 1582 1347 1628 man.

202 1665 338 1750 recens),
358 1663 498 1728 Paulini
513 1664 628 1728 Petrae
648 1664 838 1729 concordiae
854 1665 926 1750 (sic)
937 1687 1054 1750 poema
1069 1666 1109 1729 de
1123 1665 1198 1730 Vita
1213 1665 1246 1730 S.
1258 1665 1348 1730 Mar·

204 1769 281 1852 tini,
297 1768 452 1855 Prosperi
463 1778 626 1855 poemata,
641 1767 798 1853 Aquilini
813 1768 953 1833 quenci
968 1768 1120 1834 Peumata
1134 1770 1348 1857 Euaupelica,

202 1873 384 1959 &acceptu
404 1873 547 1936 moralia
562 1895 644 1958 quae
659 1872 759 1959 uulpo
775 1871 893 1938 Catoni
908 1871 1112 1958 tribuuntur,
1133 1874 1258 1938 Indara·
1273 1875 1349 1938 Hia-

199 1977 349 2064 palenais
382 1999 497 2041 uersus
531 1978 569 2042 de
603 1977 711 2040 titulis
740 1974 971 2042 Bibliothecae.
1017 1977 1103 2041 hunc
1139 1978 1277 2042 codicem
1310 2002 1349 2043 eac

203 2081 411 2146 Bibliotheca
426 2079 525 2168 Bobij
548 2105 570 2145 a
584 2079 617 2146 S.
635 2078 833 2145 Columbaria
856 2081 1011 2145 instituta
1032 2081 1236 2168 desumptum
1257 2082 1348 2148 Ill'm.

204 2185 307 2251 Card.
323 2185 478 2250 Federicc
501 2185 719 2249 Borrhomaeo
741 2185 781 2251 B.
803 2183 919 2250 Caroli
940 2185 1092 2272 patrueli
1118 2186 1195 2250 dum
1219 2185 1349 2250 Ambro-

203 2291 337 2354 sianum·
362 2288 587 2355 bibliothecam
609 2291 784 2354 instrueret
807 2300 836 2353 et
858 2291 1097 2376 manuscriptos
1114 2291 1237 2355 codices
1252 2293 1347 2355 undi-

205 2417 268 2482 que
292 2395 504 2482 conquireret,
527 2393 768 2483 relipiosiaeimi
786 2405 900 2481 patres
920 2396 989 2459 ord.
1006 2395 1177 2460 Benedicti
1199 2395 1349 2461 uicissim

204 2498 248 2564 ab
271 2500 343 2587 ipro
367 2500 460 2565 Ill'm.
483 2499 588 2564 simili
609 2522 740 2563 munere
763 2501 959 2586 comparenti
986 2500 1218 2565 humanissime
1245 2501 1348 2566 tradi-

204 2606 334 2669 derunt.
379 2603 474 2668 Anno
508 2606 594 2667 1606
628 2603 768 2667 Antonio
802 2602 931 2691 Olpiato
965 2602 1199 2669 Ambrosianue
1225 2604 1348 2669 Biblio-

204 2710 315 2773 thecae
337 2730 436 2794 quam
450 2708 583 2795 primus
605 2708 748 2773 omnium
771 2710 932 2773 tractauit
954 2708 1134 2795 Praefecto.

251 2815 309 2879 Est
339 2814 433 2898 igitur
463 2815 515 2880 illo
546 2814 639 2880 codex
666 2815 794 2879 maximi
816 2815 911 2896 pretii
933 2815 1015 2878 unde
1038 2814 1229 2879 Muratorius
1257 2820 1348 2896 quat

204 2925 278 2984 tuor
305 2920 445 2984 carmina
472 2921 591 3002 primus
616 2919 711 2983 odidIt
739 2915 918 3002 (Anecdotu
940 2939 1024 3001 quae
1053 2940 1092 2981 eac
1113 2916 1347 2982 Ambrosianae

205 3022 416 3088 bibliothecae
444 3020 610 3087 codicibus
637 3043 726 3086 nunc
747 3020 897 3108 primum
923 3022 1020 3106 eruit,
1047 3022 1133 3085 notis
1160 3045 1199 3086 ac
1222 3022 1348 3107 dirqui-

204 3125 381 3192 sitionibua
415 3135 510 3214 aupet
542 3126 732 3192 Ludcuicua
769 3125 933 3189 Antonius
965 3124 1184 3191 Muratcriue.
1226 3126 1347 3190 Medio-

205 3232 279 3296 lani
302 3232 534 3317 1697-1698)
560 3237 716 3315 quemque
739 3232 782 3296 Ita
805 3231 978 3315 proculcet:
1017 3230 1142 3294 Incidit
1168 3230 1205 3293 in
1231 3252 1348 3294 manue

205 3358 292 3401 ureae
312 3335 576 3421 antiquissimum
597 3334 757 3417 uolumen,
778 3334 816 3397 in
831 3356 892 3419 quo
904 3333 1055 3398 Venantii
1070 3332 1256 3418 Fortunati,
1271 3334 1348 3398 Pro-

205 3440 305 3527 speri,
317 3440 465 3523 quenci,
475 3439 627 3503 Auctoris
639 3438 843 3523 aliorumque
854 3448 999 3502 ueterum
1012 3438 1266 3502 christianorum
1277 3461 1347 3502 cur-

206 3546 298 3608 mina
317 3541 571 3609 continebantur.
598 3543 673 3607 Tres
696 3554 725 3606 et
745 3542 850 3607 decem
869 3540 902 3607 S.
918 3540 1058 3605 Paulini
1078 3541 1204 3605 natales
1226 3540 1276 3605 ibi
1298 3566 1347 3606 erc-

207 3660 317 3714 aratoa
329 3648 453 3729 inueni,
470 3670 548 3734 quos
561 3670 633 3713 cum
643 3646 999 3734 Dunpalifrapmentia
1015 3646 1149 3710 collatos
1158 3668 1347 3733 perrenorum

203 3755 357 3841 protimus
374 3753 459 3817 tanti
473 3752 645 3839 scriptoria
653 3751 782 3839 foetum
796 3751 880 3814 mihi
895 3761 924 3815 et
940 3748 1011 3813 orbi
1028 3750 1178 3813 literaria
1193 3773 1264 3813 curn
1274 3774 1346 3837 pru-

208 3860 342 3922 tulatus.
359 3856 466 3923 Coelen
481 3856 702 3921 uenerandum
716 3856 806 3943 sapit
821 3864 1021 3919 uetustatem.
1044 3852 1255 3919 Characteree
1270 3877 1346 3939 qua-

206 3963 307 4045 drati,
328 3986 367 4027 ac
386 3960 609 4045 minutissimi,
629 3962 777 4046 miraque
797 3969 965 4023 uenustate
985 3958 1082 4023 rectis
1103 3957 1199 4023 lineis
1214 3958 1300 4023 inter
1314 3981 1346 4022 se

207 4068 355 4133 distincti
378 4066 493 4151 seculo,
516 4076 554 4130 ut
576 4063 730 4147 arbitror,
752 4086 834 4128 nono
857 4062 1017 4128 elaborati
1032 4062 1142 4149 fraere.

250 4173 375 4237 Paulini
402 4173 523 4237 natales
546 4172 566 4237 f.
584 4170 622 4233 ll
647 4170 799 4255 incipiunt
824 4169 925 4254 spatio
953 4186 1052 4233 uacuo
1076 4168 1157 4250 quod
1181 4169 1288 4233 tItnlcs
1316 4173 1348 4233 et

209 4296 316 4343 uersus
340 4278 458 4361 primos
486 4276 641 4359 exciperet
666 4275 788 4349 relictc3
827 4293 902 4338 nem
928 4272 1090 4357 inscriptio
1118 4292 1213 4355 snpra
1240 4276 1346 4337 notate

209 4380 348 4446 Paulini
368 4378 592 4445 Petrocordiae
614 4377 752 4445 Natales
775 4377 866 4441 XIII
883 4377 1065 4443 recentimis
1089 4396 1201 4444 manus
1225 4380 1286 4443 cst:
