3217 4950
584 466 712 506 carmen
729 450 812 516 XXV,
826 453 970 509 178-241,

209 636 270 692 210
367 633 398 693 et
421 629 471 693 cni
494 628 648 693 sidereum
672 628 818 710 splendet
839 628 871 691 in
895 645 947 692 ore
970 628 1075 692 decus.

315 733 365 797 hie
388 734 436 797 uir
457 733 508 798 hic
531 734 588 813 eet,
612 731 729 796 domini
752 750 919 797 numeroso
943 749 1072 798 munere
1095 730 1211 797 Christi

367 837 465 918 diues,
488 838 537 901 uir
559 836 664 919 superi
685 836 827 917 luminis,
850 835 1015 902 Aemiliae.

316 960 418 1027 surge,
441 941 574 1023 Memor,
597 958 747 1005 nenerure
769 944 903 1023 putrem,
926 940 1121 1023 conplectere
1143 943 1284 1024 fratrem,

366 1064 429 1111 nno
451 1050 619 1129 utrumque
641 1044 700 1110 tibi
723 1062 838 1110 nomen
860 1046 892 1110 in
915 1044 1050 1111 Aemilio
1074 1049 1132 1111 est.

209 1160 269 1214 215
314 1150 417 1216 iunior
440 1154 472 1215 et
493 1150 597 1216 senior
618 1150 743 1215 Memor
765 1152 822 1215 est
847 1148 988 1215 mirabile
1011 1151 1119 1235 magni

366 1274 482 1321 munus
505 1273 645 1339 opusque
667 1254 732 1320 oei!
756 1254 809 1337 qni
832 1256 944 1336 minor,
967 1254 1019 1319 hic
1040 1260 1130 1338 pater
1153 1260 1216 1331 est;

312 1359 469 1443 posterius
492 1363 584 1425 nctus
607 1360 720 1441 senior,
744 1359 817 1441 quie
840 1358 913 1423 sede
937 1360 1080 1425 sacerdos

365 1467 472 1549 gestat
492 1464 696 1548 apostolicum
717 1467 843 1547 pectore
867 1464 1023 1529 canitiem.

313 1568 396 1634 lilius
419 1572 469 1635 est
489 1568 648 1651 neterque
670 1567 808 1643 Memor3
831 1568 966 1632 laetatur
989 1568 1099 1633 edesse

209 1682 269 1738 220
366 1690 565 1738 communem
589 1670 716 1737 sibimet
736 1671 982 1756 pignoribusque
1004 1680 1137 1756 petrem.

313 1779 434 1844 institia
456 1781 489 1843 et
509 1795 570 1861 pax
592 1796 626 1842 se
647 1779 774 1863 gemino
796 1778 865 1842 uice
887 1777 1134 1860 conplectuntur,

366 1900 439 1948 cum
461 1882 585 1947 Memor
606 1882 743 1947 Aemilio
765 1883 906 1967 iungitur
928 1882 1087 1947 unanimo.

312 1988 412 2053 infnlu
432 1986 595 2072 pontifices
618 1988 724 2053 diuino
745 1987 848 2072 iungit
869 1986 1001 2062 honore3

364 2092 503 2157 humuno
524 2092 623 2175 pietus
646 2091 749 2176 iungit
771 2109 877 2157 umore
899 2110 1001 2173 peres.

208 2206 268 2261 225
313 2196 541 2277 limitemur,
565 2194 659 2261 officii
681 2213 743 2261 non
766 2196 942 2276 immernor,
967 2194 1075 2261 ordine
1097 2200 1182 2261 recto

364 2302 460 2367 212212
481 2301 521 2365 cd
543 2300 669 2365 Aemilii
691 2301 822 2384 pignora
844 2318 915 2365 eura
939 2318 1061 2365 manue.

311 2407 365 2471 ille
386 2407 499 2491 iugens
522 2405 626 2490 cupito
648 2404 812 2471 umbonum
836 2404 893 2469 snb
917 2422 994 2490 pecc
1017 2404 1113 2489 iuguli

364 2512 451 2577 uelat
473 2529 526 2576 eos
547 2511 665 2591 derue,
689 2528 767 2593 quos
789 2528 882 2594 prece
905 2509 1090 2575 sanctificet.

312 2615 447 2697 Christo,
470 2615 647 2680 sacerdotes
671 2615 792 2696 excudi,
817 2614 950 2696 Christe,
974 2619 1137 2699 preeuntes

207 2729 267 2786 230
364 2725 397 2785 et
418 2721 470 2805 pic
491 2723 565 2786 uota
587 2721 684 2785 sceris
707 2737 811 2785 annue
834 2717 1037 2804 supplicibus.

311 2825 428 2907 imbue,
451 2824 584 2906 Christe,
607 2842 705 2890 nonos
728 2826 766 2890 de
788 2829 898 2890 sencto
921 2823 1064 2888 antistite
1087 2827 1200 2907 nuptos

362 2949 479 3013 perque
502 2947 614 2994 monus
637 2933 741 2994 costas
764 2929 858 2994 cordo
879 2929 992 3012 pudice
1014 2929 1098 3009 iuna,

312 3038 348 3098 ut
369 3035 464 3100 sitin
487 3033 639 3099 ambobus
662 3033 827 3099 concordio
848 3031 1039 3118 uirginitatis

363 3143 420 3203 unt
442 3139 507 3203 sint
528 3137 621 3204 umbo
645 3139 741 3203 sociis
764 3138 886 3202 semine
908 3137 1093 3222 uirginibus,

209 3250 267 3305 235
312 3245 458 3309 notorum
480 3243 564 3326 prior
586 3243 637 3308 hic
659 3242 774 3327 grodm
797 3244 856 3323 est,
879 3245 915 3306 ut
937 3241 1043 3306 nescia
1065 3241 1167 3304 earnis

363 3346 508 3411 membra
528 3349 654 3432 geront3
678 3347 760 3429 quod
783 3347 810 3410 si
833 3363 960 3428 corpore
983 3345 1193 3429 congruerint,

311 3455 400 3518 costa
423 3452 614 3517 sacerdotale
635 3469 736 3536 genus
760 3453 895 3515 uenture
916 3467 1065 3535 propago,

365 3561 396 3622 et
418 3556 529 3621 domus
551 3555 639 3620 Aron
662 3556 704 3620 sit
725 3558 791 3620 totu
814 3555 925 3620 domus
948 3553 1099 3619 Memoris

364 3660 611 3742 christorumque
634 3661 745 3725 domus
770 3661 811 3724 sit
834 3660 944 3724 domus
968 3657 1046 3723 haec
1067 3657 1228 3722 Memoris.

209 3775 268 3829 240
365 3768 431 3831 esto
454 3767 486 3829 et
508 3764 631 3829 Paulini
653 3764 884 3846 Therasiceque
907 3781 1037 3844 memor,

364 3875 395 3935 et
417 3888 538 3935 memor
561 3872 722 3934 aeternum
746 3868 891 3934 christus
915 3869 973 3932 erit
994 3866 1154 3932 Memoris.

248 4062 299 4116 210
317 4059 446 4113 siderium
459 4060 549 4116 Schot.
603 4061 652 4115 211
672 4057 716 4112 hio
735 4057 777 4112 uir
793 4056 949 4126 hicRosm,
966 4055 1165 4112 uirhicScitot.
1220 4058 1344 4126 218pec-

208 4148 370 4216 2010120220,
382 4147 488 4216 pectino
500 4147 589 4203 Sclcot.
636 4147 689 4201 219
700 4143 817 4199 luctetur
828 4145 926 4212 Romo,
939 4146 1053 4197 testetur
1066 4145 1155 4200 Sciret.
1209 4145 1258 4199 221
1273 4159 1344 4198 com-

207 4233 357 4303 plectuntur
374 4235 472 4301 Rosos„
490 4232 701 4302 complectuntur
721 4233 809 4288 Sciret.
863 4233 915 4287 223
933 4229 1072 4300 pontifices
1090 4231 1187 4298 Rosso,
1210 4229 1344 4299 pontificis

209 4322 293 4376 80202.
346 4323 398 4378 225
417 4335 471 4374 non
488 4321 586 4388 Rosos„
605 4335 654 4373 nec
672 4319 761 4376 Soloi.
815 4319 867 4374 236
886 4333 994 4387 corpore
1012 4317 1111 4382 Rusio„
1130 4333 1240 4387 corpore
1254 4318 1342 4374 Solet.

208 4407 312 4480 23802]
330 4410 362 4462 ut
378 4410 442 4480 fort.
496 4406 570 4461 Aron
587 4407 686 4475 Besso,
704 4405 776 4477 Aroy
795 4405 885 4462 Sciret.
