3217 4950
268 382 330 447 186
599 398 625 452 8.
638 395 909 453 PauliniNolani
927 394 1075 465 episcopi

369 577 407 640 de
429 575 505 640 uiue
526 574 705 639 miserantis
727 591 810 657 aqua
830 572 957 655 pietatis
981 568 1150 636 abund'ant.

367 679 425 745 hos
448 683 493 760 tu,
516 677 649 759 Christe,
672 677 731 743 tibi
752 680 877 762 praesta
898 676 1041 741 ubertate
1066 672 1196 758 perenni

368 784 520 849 scaturire
542 782 589 847 tui
610 781 724 848 Felicis
745 782 780 847 in
802 779 897 846 ubere
920 781 1022 845 fontes

284 894 346 952 850
370 890 401 953 st
423 904 596 971 numquam
617 886 675 951 has
697 886 761 952 ullo
784 885 908 951 tenuari
930 884 1031 949 sidere
1053 900 1160 949 uenas.

367 991 463 1057 influe
484 990 664 1077 pectoribus
686 1008 811 1073 semper
833 990 901 1071 tibi,
925 988 1058 1069 Christe,
1081 986 1192 1052 dicatis

367 1095 525 1180 Felicique
546 1100 600 1161 tuo
623 1096 662 1161 do
683 1093 899 1179 peecatoribus
921 1094 982 1176 ipsi

367 1202 524 1266 mandatis
547 1201 661 1282 tribue,
683 1204 721 1266 ut
741 1217 916 1282 numquam
939 1198 1040 1281 pietas
1063 1200 1117 1261 tua
1139 1195 1254 1261 nostris

367 1304 538 1370 uisceribns
561 1306 681 1371 fontem
704 1304 798 1369 huius
822 1304 888 1386 opis
912 1302 1065 1367 subducat
1088 1304 1120 1365 et
1142 1301 1210 1384 ipse

283 1415 345 1471 855
368 1410 439 1474 lons
462 1428 481 1473 a
502 1411 589 1475 lonte
610 1412 665 1474 tuo
687 1409 774 1473 Felix
795 1426 853 1473 nos
875 1409 982 1491 largus
1005 1406 1146 1486 inundet,

367 1532 492 1595 semper
513 1517 549 1578 ut
570 1515 603 1579 in
625 1512 715 1580 nobis
738 1514 840 1594 saliat,
863 1530 916 1577 ιιι
940 1510 1074 1591 Christe,
1096 1512 1169 1575 tuus
1191 1509 1272 1590 fons,

368 1620 400 1682 et
422 1636 478 1683 nos
501 1618 685 1683 demiseris
708 1619 740 1682 et
762 1616 869 1700 egenis
892 1620 974 1683 sorte
997 1615 1047 1679 sui
1069 1615 1132 1679 iam

367 1723 502 1787 nominis
525 1721 666 1788 obtineat
687 1722 795 1788 felices
818 1721 924 1787 uiuere
947 1719 1042 1785 Felix.

778 1962 881 2029 XXH.

366 2104 435 2169 Iam
457 2104 537 2170 mihi
558 2105 705 2189 polliceor
727 2104 824 2169 saeris
846 2108 902 2169 tua
924 2103 1063 2169 ommino
1084 2102 1171 2167 libris

366 2210 499 2275 condere
521 2213 615 2293 teque
636 2210 687 2274 dei
708 2208 906 2274 flammatum
928 2208 1057 2273 numine
1081 2207 1197 2273 Christi

366 2332 421 2378 ora
442 2315 617 2380 solntmum
640 2332 764 2379 summo
787 2314 922 2377 iucunda
947 2313 1078 2396 parenti.

366 2418 468 2502 incipe
490 2418 605 2484 diuinis
628 2421 754 2485 tantum
776 2418 850 2484 dare
873 2420 1001 2502 pectora
1020 2415 1116 2483 rebus

325 2531 343 2585 5
367 2523 589 2607 subrectosque
613 2523 670 2589 deo
692 2541 804 2588 sensns
829 2522 978 2588 adtollere
1001 2526 1094 2587 terra.

365 2646 435 2693 mor
458 2629 556 2693 oculis
578 2629 665 2693 eaelo
688 2645 771 2692 noua
792 2627 846 2692 lun
869 2627 985 2693 orietur
1007 2629 1115 2710 aperto

363 2731 554 2814 intrabitque
578 2750 665 2797 sacer
687 2732 782 2796 tacito
804 2751 860 2815 per
883 2735 993 2814 operta
1014 2734 1120 2796 meatu

364 2836 494 2919 spiritus
518 2840 551 2901 et
571 2837 655 2901 laeto
677 2836 796 2919 quohet
817 2837 873 2901 tua
895 2836 1017 2901 uiscera
1037 2835 1124 2900 flatu.

309 2979 312 2985 ,
363 2939 433 3005 heia
456 2958 513 3024 age
536 2940 628 3006 tende
651 2940 786 3024 chelym,
809 2940 978 3005 fecundum
1001 2943 1131 3005 concute
1153 2941 1273 3024 pectus,

302 3131 355 3186 849
367 3129 510 3184 scaturrire
521 3131 559 3200 D,
572 3129 713 3185 succurrite
726 3132 753 3185 A
799 3131 851 3187 852
863 3130 1009 3200 peccatoris
1021 3131 1093 3200 AD,·
1104 3146 1151 3187 ιιι.
1164 3131 1239 3186 Mur.
1293 3131 1344 3187 857
1356 3129 1400 3184 sui

258 3216 325 3284 AD,
343 3216 384 3270 tui
396 3216 470 3272 Mar.
523 3215 632 3285 explicit
647 3215 715 3270 liber
737 3215 909 3272 duodecimus
927 3218 985 3273 AD

301 3303 388 3358 XXII.
399 3304 667 3380 BFLMNOPUts
678 3333 711 3344 -
724 3303 819 3375 incipit
830 3304 910 3360 heroo
923 3304 957 3359 ad
969 3319 1049 3373 quem
1061 3319 1141 3374 supra
1150 3304 1188 3370 N,
1200 3303 1295 3374 incipit
1306 3319 1400 3358 uersus

260 3389 294 3444 ad
312 3389 426 3444 eundem
440 3391 470 3461 0,
488 3390 550 3445 linit
562 3390 597 3445 ad
613 3391 715 3445 tomum
727 3405 814 3460 prosa.
833 3391 929 3460 incipit
946 3390 981 3445 ad
998 3390 1112 3445 eundem
1130 3407 1223 3444 uersus
1235 3391 1270 3460 B,
1288 3389 1402 3460 epistula

258 3477 366 3532 Paulini
383 3493 432 3548 per
448 3493 541 3532 ιιιιιι
559 3478 594 3532 sd
611 3477 719 3532 Ionium
742 3476 845 3532 clarum
863 3479 898 3546 F,
920 3479 986 3532 item
1004 3479 1128 3533 ucrensi
1146 3477 1249 3547 paulini
1267 3477 1300 3532 ad
1318 3493 1400 3546 quem

259 3580 340 3634 supra
356 3566 391 3632 L,
413 3564 526 3634 epistola
542 3563 645 3635 paulini
661 3581 709 3636 per
726 3581 819 3618 uersus
836 3563 879 3618 Ad
897 3564 1004 3619 Iouium
1022 3563 1124 3619 clarum
1143 3565 1176 3633 P,
1198 3564 1265 3620 item
1282 3562 1316 3617 ad
1334 3579 1401 3618 sun·

259 3651 321 3706 dam
343 3651 493 3706 exhortaris
512 3652 619 3706 heroico
641 3657 727 3706 metro
749 3651 823 3706 XLV
844 3653 886 3721 M,
912 3651 1024 3722 epistole
1046 3651 1131 3707 sancti
1152 3650 1261 3706 Paulini
1282 3650 1400 3721 episcopi

258 3737 294 3791 ad
319 3736 421 3791 ionium
444 3726 545 3792 clarum
570 3741 704 3793 oratorem
725 3755 757 3794 eo
778 3740 817 3805 (et
842 3739 878 3808 U)
899 3738 1086 3809 philosophum
1109 3739 1254 3794 marimum
1278 3736 1400 3792 uerutus

258 3823 447 3894 pulcherrimis
465 3825 658 3895 compaginata
695 3824 741 3880 ubi
759 3825 837 3880 docet
854 3842 915 3880 eum
933 3826 1023 3881 omnia
1040 3841 1091 3896 que
1108 3827 1138 3880 in
1155 3825 1256 3880 mundo
1273 3828 1301 3879 et
1318 3839 1401 3895 supra

259 3910 391 3965 muudum
409 3910 524 3966 suntab
542 3927 596 3966 uno
613 3913 677 3966 uiuo
694 3928 757 3967 nero
779 3916 808 3967 et
830 3929 934 3966 summo
953 3912 1002 3967 deo
1020 3929 1075 3967 esse
1094 3915 1181 3968 creata
1199 3917 1226 3967 et
1243 3929 1292 3967 sue
1309 3911 1400 3982 proui-

259 3997 418 4067 dentieregi
430 4015 461 4052 ac
473 3998 616 4068 gubernari
634 4001 674 4056 Ut
727 4001 818 4054 lnam
834 4001 860 4057 U
909 4000 967 4070 tua]
980 4015 1040 4054 mea
1056 4002 1095 4057 Ut
1141 4003 1157 4055 2
1175 3998 1284 4054 flamma
1296 3998 1401 4054 cums’

258 4101 369 4141 munere
386 4087 452 4142 Lm
505 4088 522 4143 8
540 4086 688 4140 solutorum
710 4086 769 4142 Οιι
823 4086 936 4156 parendi
953 4088 992 4156 N,
1010 4091 1105 4157 parant
1120 4087 1151 4143 ιι
1212 4091 1228 4143 5
1246 4085 1400 4154 subreptos-

259 4189 310 4242 que
327 4173 389 4241 ΒΟ,
408 4172 592 4242 subiectosque
610 4173 673 4228 ΒΜ
745 4175 831 4228 tarrae
848 4175 883 4243 B,
902 4175 975 4228 terri
990 4174 1024 4229 N
1092 4176 1108 4229 'l
1126 4175 1219 4244 aperte
1235 4173 1305 4242 LM,
1322 4187 1401 4242 aper·

258 4263 289 4314 tu
305 4260 337 4315 s¹
406 4264 422 4316 9
441 4259 501 4314 heia
517 4260 638 4329 BLNO,
657 4259 698 4314 aia
714 4261 772 4329 Mt,
790 4276 839 4331 eye
857 4261 936 4331 Pus,
955 4277 986 4315 ea
1002 4261 1034 4316 F
1100 4257 1197 4316 chelim
1215 4259 1402 4318 FLMNUts

258 4345 404 4404 fecundum
421 4347 515 4417 BNO,
531 4346 679 4402 facundum
696 4353 743 4405 eet.
