3217 4950
259 465 297 520 VI
740 460 915 515 Praefatio.

259 643 384 720 uerunt,
404 639 557 723 praebent
577 641 608 702 et
627 655 736 702 reuera
755 637 880 722 magnis
900 635 1138 700 difficultatibus
1157 635 1323 699 lectionem
1340 636 1399 698 im-

261 745 400 828 peditam
430 762 508 824 esse‚
535 743 616 825 quod
644 741 833 823 quicumque
860 740 975 804 librum
1001 741 1203 822 inspexerunt
1229 739 1399 818 affirmant,

259 849 443 922 ostendunt;
489 848 515 911 si
542 865 621 929 quae
649 865 685 910 cx
712 847 816 910 codice
842 845 990 909 adnotaui
1017 845 1110 927 plena
1138 847 1284 926 certaque
1315 848 1398 924 sunt,

261 953 416 1036 imprimis
439 950 615 1017 Schenkelii
638 951 816 1034 diligentiae
839 950 868 1012 id
892 947 998 1014 deberi
1020 949 1110 1028 scias,
1134 949 1187 1030 qui
1208 951 1282 1031 post
1304 948 1401 1012 Zach-

261 1057 444 1121 meistemm
473 1057 611 1120 carmina
638 1057 669 1119 et
696 1054 881 1118 Ausoniana
908 1057 939 1118 et
965 1052 1150 1117 Pauliniana
1175 1053 1224 1116 bis
1253 1052 1400 1125 contulit;

261 1161 299 1224 ad
330 1159 578 1226 confirmandum
609 1159 916 1241 comparandumque
945 1157 1069 1240 Peiperi
1098 1156 1257 1221 adnotatio
1288 1157 1400 1221 carmi-

263 1265 354 1328 nibus
378 1265 483 1329 addita
507 1266 630 1347 praesto
653 1262 761 1346 fnit*).
787 1261 1024 1326 differuntucro
1046 1261 1282 1325 testimoniam
1304 1260 1401 1323 leuio-

260 1369 346 1432 ribus
370 1369 552 1451 plernmque
579 1368 667 1432 uelut
688 1367 782 1431 rebus
810 1366 1056 1450 orthographicis
1084 1369 1115 1430 et
1138 1365 1334 1445 correcturis
1362 1365 1399 1427 de

262 1471 375 1554 quibus
399 1471 533 1537 Schenkl
557 1472 791 1536 accuratissima
818 1471 929 1534 codicis
958 1470 1090 1534 scientia
1111 1467 1252 1534 imbutus
1279 1468 1399 1533 scribit:

262 1575 433 1640 Correctue
460 1585 505 1639 eet
532 1575 586 1638 hic
613 1573 696 1638 liber
721 1573 872 1638 manibus
901 1571 1039 1657 anaba,
1067 1573 1175 1637 attera
1205 1572 1400 1657 antiquiore,
1433 1565 1437 1574 ’

265 1679 371 1744 attera
399 1679 582 1744 recentiore.
628 1677 856 1764 quarantula
883 1699 946 1740 non
973 1678 1076 1742 colum
1103 1677 1251 1764 singulae
1275 1676 1402 1740 litterae

263 1783 317 1847 uel
340 1781 484 1870 cyliniae
507 1783 707 1866 inmutauit,
730 1783 900 1868 sanatura
922 1781 1061 1867 antiqua
1082 1781 1273 1868 purumque
1296 1803 1401 1864 aare,

262 1889 317 1951 sed
337 1889 435 1952 etiarn
456 1886 538 1951 iocos
558 1886 716 1951 cuanicloe
736 1885 867 1972 rerinaeit
888 1909 929 1950 aa
949 1908 1191 1971 nonnumquam
1209 1885 1279 1948 auio
1301 1885 1402 1970 aer-in

264 1992 351 2056 turia
373 1991 480 2055 illatio
503 1989 624 2055 abtauit
646 1991 706 2076 ita,
733 2001 772 2055 ut
791 2013 910 2054 amnuo
932 1991 1089 2076 antiquae
1110 1990 1253 2077 aeatigia
1274 1989 1402 2052 omnino

262 2094 486 2160 obruerentur.
510 2133 553 2142 -
576 2095 674 2159 tertia
693 2117 809 2158 manue
825 2095 963 2160 leuiores
971 2095 1047 2182 fere
1066 2094 1252 2182 scripturae
1270 2094 1404 2173 inentia,-

262 2200 320 2284 εἰσ,
340 2198 399 2264 ubi
414 2221 509 2287 uper
529 2199 752 2286 compendium
771 2209 942 2264 exarmant
961 2210 1016 2284 eet,
1036 2201 1121 2264 banc
1136 2199 1280 2263 litteram
1298 2220 1402 2285 narra

265 2331 396 2414 adiecit,
424 2329 530 2394 ueluti
559 2296 657 2413 ciere,
686 2339 715 2393 et
743 2329 928 2416 compendio
951 2296 981 2414 q:
1009 2330 1039 2392 ai
1060 2329 1099 2392 id
1124 2329 1195 2393 uim
1216 2326 1310 2392 babet
1327 2350 1403 2415 pro·

265 2434 406 2499 norninie
421 2453 510 2518 quae,
531 2455 635 2521 namra
654 2433 796 2499 uocalern
815 2433 1036 2521 annonarii
1067 2453 1124 2500 nec
1140 2435 1277 2500 multum
1291 2434 1403 2517 Peiper

265 2540 368 2605 differt
400 2540 496 2623 prael.
528 2539 651 2604 XVIII:
697 2538 804 2625 ipsine
837 2536 974 2603 librarii
1001 2560 1119 2603 manue
1148 2538 1307 2623 quaedam
1338 2560 1403 2601 eor-

264 2644 366 2728 reaeit3
400 2652 573 2729 praeterea
603 2644 705 2707 trium
727 2644 935 2729 potissimum
964 2665 1080 2707 manua
1109 2654 1254 2707 ueterum
1285 2665 1403 2706 correc-

265 2758 370 2812 torum
388 2748 644 2833 conopiciuntem
666 2768 802 2833 quorum
823 2746 1066 2833 langobardicis
1086 2748 1205 2811 litteris
1225 2757 1403 2811 atramento

264 2874 352 2915 nunc
363 2852 559 2939 flaumcente
571 2850 712 2938 primur,
734 2851 818 2915 alter
837 2849 1071 2915 minutioribus
1091 2849 1332 2937 atrioribueque
1353 2851 1403 2914 iit-

267 2957 346 3020 terie
369 2966 413 3020 eat
436 2977 531 3036 usum
568 2955 685 3019 tertiae
706 2952 922 3042 grossioribua
944 2965 1040 3041 atque
1061 2978 1125 3019 non
1147 2957 1229 3019 satia
1255 2955 1404 3042 eleganti-

267 3059 325 3123 buo
338 3068 378 3125 'et
399 3060 530 3124 mundio
551 3070 671 3123 matum
690 3059 885 3144 inquinauit
906 3070 1002 3146 atque
1022 3061 1075 3124 hic
1095 3061 1224 3146 quidem
1248 3061 1404 3124 euanidoe

270 3164 352 3229 locos
374 3165 425 3229 ita
448 3186 542 3250 caepe
564 3163 703 3247 refinait,
727 3173 764 3227 ut
781 3164 948 3249 pristinae
970 3165 1156 3251 temptarer
1181 3165 1321 3251 uestigia
1344 3186 1404 3228 ora-

266 3268 345 3331 nino
373 3266 593 3333 obruerentur.
622 3305 664 3314 -
691 3268 816 3332 accedit
843 3278 965 3352 quarta
990 3291 1106 3331 manua
1128 3269 1295 3344 recentior,
1322 3292 1404 3354 qaae

267 3372 304 3435 in
324 3394 357 3437 eo
378 3382 511 3437 uersata
531 3382 575 3435 eet
596 3372 743 3449 mamone,
764 3382 801 3434 ut
822 3372 1003 3458 munandin
1018 3372 1142 3437 leuaret
1162 3372 1282 3437 litteris
1301 3394 1405 3459 magra

267 3474 453 3541 ecrihmdia
498 3496 569 3541 cum
596 3480 788 3542 correcturae
816 3478 996 3542 recentioris
1025 3480 1075 3543 uel
1102 3480 1214 3544 tertiae
1237 3496 1349 3543 manus
1372 3479 1403 3542 iu

266 3581 460 3647 Paulinianis
484 3584 567 3646 certe
590 3583 674 3646 nullo
699 3582 792 3647 ullius
817 3582 1009 3646 auctoritatis
1034 3586 1139 3647 essent
1160 3583 1237 3664 loco,
1259 3584 1317 3647 has
1340 3583 1405 3666 ple-

268 3705 400 3768 rumque
428 3686 560 3769 neglexi,
591 3704 671 3769 qnae
698 3688 800 3771 prima
829 3704 941 3750 manus
970 3686 1104 3767 exhibet,
1134 3688 1240 3752 omnia
1270 3688 1405 3767 enotaui,

268 3792 328 3854 uisi
343 3788 426 3872 qnod
445 3812 460 3852 e
480 3808 535 3874 pro
555 3812 603 3873 ae,
626 3810 650 3851 n
669 3808 724 3873 pro
745 3786 762 3851 b
784 3793 815 3854 ct
834 3790 950 3853 similia
969 3791 1062 3855 scribi
1082 3791 1205 3856 selectis
1225 3792 1302 3857 locis
1321 3810 1406 3856 com-

267 3896 434 3959 memorari
457 3896 533 3959 satis
557 3914 625 3957 csse
649 3894 763 3976 putaui.

312 4058 334 4125 'l
353 4056 530 4111 Contulerunt
553 4054 670 4110 codicem
693 4058 780 4109 totum
803 4056 848 4111 uel
867 4060 958 4127 partes
981 4058 1038 4111 eius
1060 4057 1090 4112 L.
1107 4057 1219 4113 Mueller
1241 4075 1311 4113 anuo
1331 4062 1406 4125 1863,

269 4144 408 4199 A.Holder
419 4146 493 4207 1867,
506 4142 596 4197 oen
607 4146 681 4207 1872,
695 4143 735 4197 W.
746 4144 872 4207 Brandes,
885 4144 919 4199 Η.
929 4144 951 4199 I.
961 4144 1081 4211 Mueller,
1093 4146 1233 4215 R.Pciper‚
1246 4145 1275 4200 C.
1283 4146 1406 4210 Schenkl,

269 4231 289 4286 I.
308 4231 485 4285 Zechmeietcr
509 4233 583 4295 1875,
607 4230 681 4285 Aem.
699 4230 833 4285 Baehrens
857 4234 931 4295 1876,
955 4232 990 4285 M.
1004 4232 1121 4286 Moriens
1145 4236 1221 4297 1879,
1244 4232 1273 4288 C.
1292 4233 1407 4287 Schenkl

269 4319 366 4373 iterum
396 4320 471 4381 1881,
501 4318 597 4387 Peiper
623 4318 721 4371 iterum
745 4320 819 4375 1884.
861 4317 972 4371 Holderi
1000 4322 1027 4371 et
1053 4319 1238 4373 Zechmeisteri
1266 4320 1407 4373 collatione

269 4404 384 4457 Schenkl
402 4420 466 4456 ustis
485 4408 532 4467 est,
551 4402 584 4457 H.
599 4402 619 4457 I.
633 4402 754 4457 Muelleri
772 4403 874 4471 Peiper.
904 4402 946 4457 Gi.
959 4404 1054 4473 Peiper
1071 4404 1153 4474 prael.
1167 4422 1192 4473 p.
1205 4406 1320 4460 XVIIII.
