3217 4950
566 473 693 512 carmen
710 457 826 522 XVIIII,
838 460 985 514 aes—454.

313 636 345 696 et
367 632 496 697 dubium
519 633 647 715 trepidis
670 633 887 717 conspectibus
910 640 983 700 abra
1004 635 1141 700 turbant.

228 745 291 800 425
314 755 388 820 ergo
409 737 470 802 iste
492 738 570 802 haee
592 738 666 802 licet
686 739 719 802 in
740 739 848 822 patulo
871 738 931 804 sibi
953 743 1099 824 prompta
1121 739 1240 805 uideret

313 842 412 906 tutius
436 845 468 907 et
488 841 621 906 furanda
643 842 713 923 sibi,
736 844 883 925 quoniam
907 844 1011 908 minus
1035 847 1118 909 esset

313 946 453 1010 criminis
475 949 507 1011 et
528 947 620 1030 pretii
642 963 827 1031 suspensam
851 948 958 1012 altaris
982 947 1020 1013 ab
1044 966 1098 1013 ora

312 1050 434 1134 longius
456 1054 647 1135 argentoque
669 1052 772 1116 lenem
795 1051 964 1117 amandare
986 1053 1158 1134 lucernam,

314 1153 369 1218 sed
391 1154 486 1219 miser
509 1155 694 1220 ambitiosus
717 1157 840 1240 etipsa
862 1157 895 1221 in
916 1156 1026 1221 fraude
1049 1157 1201 1240 superbus

227 1267 290 1322 430
313 1262 475 1341 tamquam
497 1259 560 1324 uile
582 1260 672 1324 nefas
695 1265 845 1345 argentea
867 1278 990 1325 sumere
1013 1261 1096 1326 furto

312 1363 433 1447 spreuit
454 1367 486 1428 et
507 1364 657 1429 audacem
678 1365 815 1447 porrexit
835 1366 868 1430 in
891 1383 986 1430 amaa
1007 1366 1158 1447 dextram,

313 1485 392 1550 quse
414 1467 509 1533 simul
532 1468 666 1534 suariis
690 1470 766 1534 scite
790 1469 860 1534 dist'
838 1472 937 1534 ttrnea
958 1470 1073 1553 lapillis

312 1572 498 1653 uideratet
467 1574 643 1658 etmagnis
666 1572 792 1638 inflarat
778 1577 884 1655 ttpee
885 1591 939 1638 ora
962 1577 1015 1637 ιιι
1012 1575 1054 1654 is,

312 1678 484 1761 utpariter
505 1679 640 1762 gemmis
662 1677 812 1763 gauderet
797 1677 977 1742 tdiuest
946 1681 977 1742 et
999 1695 1083 1743 auro.

227 1789 289 1846 435
313 1781 368 1845 ιιι
390 1785 516 1846 tantum
539 1783 665 1847 sceleris
688 1783 795 1866 magui
818 1782 996 1847 cumulatus
1018 1782 1124 1864 iniquo

311 1887 447 1970 pondere
467 1890 595 1969 peceato
618 1887 736 1951 mansit
757 1887 863 1971 grauis
887 1890 919 1952 ιι
940 1887 1018 1951 leuis
1042 1905 1127 1962 aere3

313 1991 498 2075 sacrilegum
521 2008 579 2055 sua
599 2009 700 2074 poena
722 1994 839 2071 manet,
862 2008 920 2056 sua
941 1991 1057 2074 praeda
1077 1992 1233 2057 latronem

312 2094 458 2159 deseruit.
483 2095 580 2178 spolie
603 2095 689 2177 furti,
713 2113 775 2160 non
797 2095 925 2159 crimine
948 2095 1050 2160 nudus

312 2200 393 2264 uiuit
413 2201 502 2282 inops
525 2199 640 2281 fructu,
664 2200 718 2264 sed
740 2199 871 2264 uulnere
892 2199 1010 2264 fraudis
1034 2198 1206 2264 abundans

224 2312 289 2367 440
313 2322 504 2387 quamquam
526 2305 616 2369 illum
639 2321 702 2368 non
724 2305 782 2368 hoo
804 2321 919 2388 magno
943 2305 1010 2369 sine
1033 2305 1161 2368 numine
1184 2303 1298 2370 Christi

312 2409 500 2492 consilioque
522 2414 631 2493 putem
652 2409 843 2494 permissum
867 2411 984 2475 crimen
1007 2409 1120 2490 adisse,

311 2517 356 2596 ιι,
379 2515 452 2598 quia
473 2515 525 2580 uel
548 2516 713 2597 quicquam
736 2515 774 2580 de
798 2516 892 2579 saeris
916 2516 1025 2580 tollere
1046 2514 1140 2579 rebus

310 2623 415 2683 mente
437 2620 615 2702 recepisset,
639 2620 793 2684 sineretur
817 2619 855 2683 ad
878 2620 932 2683 iila
954 2620 1072 2700 uenire,

308 2724 342 2788 in
364 2722 479 2805 quibus
501 2722 630 2787 admissi
651 2724 786 2807 inpietas
809 2722 961 2809 insignior
983 2728 1076 2789 esset.

221 2836 286 2890 445
353 2830 426 2891 ante
448 2827 514 2891 dies
537 2844 652 2911 paucos
674 2826 759 2891 idam
782 2827 965 2911 confugerat
987 2828 1062 2892 illuc

310 2931 456 2996 militiam
479 2932 630 2996 simulans
653 2932 761 3016 fugere
784 2935 816 2996 et
840 2936 1003 3016 susceptus
1027 2931 1126 2996 amice

309 3036 422 3119 hospes
446 3034 485 3100 ab
508 3036 639 3101 aedituis
663 3054 785 3100 sacram
808 3037 988 3102 curantibus
1011 3037 1124 3102 aulam.

309 3144 375 3205 toto
398 3158 496 3223 paene
519 3141 620 3205 latens
643 3140 697 3205 ubi
720 3159 828 3205 mense
852 3140 967 3205 cubilia
989 3158 1114 3205 somnos

310 3250 451 3328 tempora
472 3245 637 3310 custodum
660 3246 754 3310 simul
777 3246 992 3328 explorauerat
1014 3250 1046 3311 et
1068 3264 1141 3309 eum

217 3358 286 3414 450
310 3350 443 3433 cepisset
464 3350 595 3433 placitas
618 3349 758 3415 meditati
781 3350 919 3414 criminis
942 3350 1044 3431 horas,

309 3458 399 3519 nocte
422 3454 510 3519 nefas
532 3455 627 3519 tacita
649 3454 779 3538 erripuit
802 3455 948 3537 nulloque
970 3454 1076 3519 labore

309 3578 367 3623 ιιι
388 3560 522 3643 strepitu
543 3559 663 3625 toribus
685 3559 798 3624 clausis
821 3559 960 3623 inclusus
983 3562 1019 3623 ut
1041 3578 1122 3623 unus

309 3666 501 3745 sementum,
525 3663 637 3747 quibus
660 3664 773 3747 hospes
796 3667 873 3744 erat,
896 3664 1013 3747 primes
1036 3662 1091 3727 ubi
1113 3680 1238 3727 somnos

309 3786 371 3833 nou
393 3768 505 3852 uigiles
529 3768 641 3852 uigiles
664 3786 792 3851 coepere
816 3767 980 3833 silentibus
1003 3767 1123 3833 umbris

243 3978 299 4032 425
328 3976 379 4031 iste
402 3976 468 4030 haec
491 3977 598 4046 scripsi,
625 3976 727 4031 isthaec
751 3977 785 4043 Ε
813 3976 880 4029 istae
907 3976 944 4045 D
970 3975 1021 4029 iste
1044 3976 1079 4044 A,
1106 3975 1157 4029 iste
1184 3990 1246 4043 ergo
1265 3976 1339 4031 Mar.

195 4066 253 4120 427
278 4062 311 4117 ob
334 4062 394 4131 (ι’
382 4081 414 4118 ιι
435 4081 490 4119 rae.
509 4082 541 4118 m.
559 4065 587 4133 2)
609 4064 639 4118 D
707 4066 759 4119 428
777 4062 920 4121 amandare
938 4064 1007 4119 coni
1020 4064 1119 4132 Miap,
1141 4060 1268 4115 mandare
1286 4062 1341 4129 D¹‚

196 4151 345 4207 emendare
363 4148 448 4220 AD’,
467 4149 609 4205 emendare
628 4150 659 4204 Ε
725 4152 776 4206 430
795 4150 895 4220 nephas
914 4150 944 4204 E
959 4156 983 4205 et
1000 4152 1084 4218 infra.
1149 4151 1200 4204 432
1219 4164 1233 4201 ι
1252 4150 1340 4217 Ε,ιι

195 4240 262 4295 AD
313 4240 365 4294 435
384 4236 535 4292 cumulatus
552 4238 617 4305 AD,
636 4236 832 4292 cumulaturE
879 4239 932 4294 438
950 4236 1084 4291 fortiAD
1134 4238 1184 4291 441
1205 4234 1291 4289 adisse
1304 4236 1339 4303 Ε,

194 4326 295 4382 adesse
314 4326 372 4381 AD
432 4327 484 4382 448
502 4341 568 4394 pene
586 4325 617 4380 E
666 4323 712 4379 ubi
730 4326 766 4403 A,
783 4323 822 4379 ibi
840 4324 901 4380 DE
958 4326 1010 4379 450
1028 4323 1156 4393 coepisset
1173 4324 1231 4378 AD
1281 4321 1341 4392 ple·

193 4415 271 4470 citas
288 4413 373 4481 Mur,
390 4411 505 4483 placitus
523 4412 589 4482 AD,
606 4411 724 4482 placidas
743 4412 774 4467 Ε
823 4412 873 4467 454
893 4426 999 4480 caepere
1017 4410 1075 4465 AD
