3217 4950
610 475 740 513 carmen
758 460 831 521 xxi,
844 463 972 517 46-106.

326 636 483 701 mentibus
505 636 635 701 excultis
658 636 797 719 specioso
821 641 947 719 pectore
969 641 1104 723 gestant.

324 742 381 805 hes
403 758 566 824 procerum
590 760 758 807 numerosa
779 742 890 806 cohors
915 746 947 807 et
968 744 1111 808 concolor
1133 763 1195 810 uno

326 845 441 909 uellere
464 845 624 928 uirgineas
647 846 787 928 sequitur
812 864 901 911 sacra
923 846 1016 911 turha
1039 852 1192 913 cateruae.

325 950 512 1015 llunomiam
534 949 608 1013 hine
630 949 749 1014 Melani
772 951 897 1015 doctam
920 951 978 1015 snb
1002 952 1140 1035 principe
1163 971 1239 1019 noce

264 1063 305 1118 80
327 1054 517 1119 formantem
539 1054 672 1119 modulis
694 1055 890 1138 psalmorum
912 1074 992 1121 uasa
1012 1057 1162 1122 modestis

327 1160 483 1223 auscultat
504 1159 645 1241 gaudens
668 1159 781 1223 dilecto
805 1159 948 1224 Christus
971 1160 1003 1224 in
1027 1178 1118 1244 agno,

325 1263 408 1345 quod
430 1263 611 1327 modulante
634 1264 690 1328 deo
713 1264 895 1329 benedictas
917 1266 1050 1346 paruula
1071 1266 1227 1349 princepe,

325 1371 503 1433 sanctorum
526 1368 667 1449 comites,
691 1372 777 1441 casto
799 1372 889 1452 regat
911 1388 963 1435 ore
986 1370 1123 1434 choreas.

324 1473 402 1536 haec
422 1473 517 1555 igitur
539 1473 684 1537 mihimet
706 1472 872 1537 meditanti
894 1492 1032 1558 congrua
1055 1476 1154 1539 suasit

264 1584 303 1640 85
326 1578 427 1661 gratia
449 1576 643 1641 multimodis
664 1577 768 1641 inluso
791 1578 929 1642 carmine
952 1579 1060 1642 metris

326 1681 510 1745 distinctum
532 1681 628 1745 uariis
649 1681 767 1746 imitari
788 1678 916 1746 floribus
940 1682 1076 1763 hortum,

325 1786 405 1850 sieut
426 1786 538 1850 Felicis
560 1786 716 1870 gremium
739 1784 849 1849 florere
871 1787 1027 1868 repletum

324 1890 443 1954 lumine
466 1890 590 1954 diuerso
613 1890 703 1972 quasi
725 1909 779 1955 rus
802 1891 938 1955 admiror
961 1891 1102 1974 opimum

325 1994 502 2078 hospitibus
524 1994 632 2059 multis
655 1996 688 2058 in
712 2014 784 2059 eum
808 1994 932 2061 Christo
956 1995 1033 2058 duce
1056 1995 1161 2059 missis

263 2107 302 2162 90
325 2099 481 2181 Felieique
504 2100 587 2182 patri
609 2099 706 2162 denso
729 2100 824 2164 simul
847 2099 973 2183 agmine
996 2100 1079 2163 uatis

323 2204 516 2287 pignoribus,
540 2202 644 2267 subito
666 2206 703 2267 ut
723 2204 797 2268 totis
820 2202 999 2268 habitacula
1021 2204 1108 2269 cellis

323 2327 377 2390 per
393 2307 478 2371 dines
501 2307 638 2371 creuisse
661 2326 734 2372 suos
758 2310 790 2371 et
812 2306 915 2373 sobria
938 2310 1040 2372 castos

325 2415 408 2477 tecta
430 2429 541 2477 sonare
563 2411 672 2477 modos
695 2412 825 2477 tandem
848 2409 908 2478 sihi
930 2410 1061 2478 uocibus
1084 2413 1166 2496 aptis

323 2517 459 2601 gaudeat
480 2517 689 2600 hospitiisque
713 2517 777 2582 suis
801 2521 834 2582 et
856 2535 982 2601 corpore
1006 2521 1038 2582 et
1061 2536 1113 2582 ore

263 2629 302 2683 95
325 2622 392 2704 ipse
415 2622 485 2685 sinu
506 2621 599 2703 pleno
623 2620 733 2705 dignos
756 2623 887 2686 miretur
914 2623 1058 2686 alumnos

325 2730 356 2788 et
377 2727 493 2790 uirtute
516 2744 608 2808 pares
631 2727 752 2790 animas
775 2727 808 2790 in
831 2726 955 2810 dispare
979 2745 1068 2802 serm

324 2830 403 2894 sicut
424 2829 578 2895 oliuarum
600 2831 733 2896 fecundo
755 2831 788 2895 in
812 2831 890 2896 colle
916 2831 1057 2896 nouellas

323 2935 457 2999 laetatur
479 2934 585 2999 senior
606 2935 712 3000 diuino
736 2953 754 2999 a
776 2936 897 3000 semine
921 2935 1038 3000 (lhristi

322 3039 481 3121 plantator
503 3058 634 3104 cernens
658 3040 739 3104 inter
762 3057 820 3103 sua
842 3058 915 3104 rura
938 3040 1072 3104 colonos.

239 3152 303 3208 100
324 3143 434 3209 floreat
456 3163 530 3227 ergo
553 3163 635 3210 nouo
658 3145 737 3208 mihi
759 3144 907 3209 carminis
928 3163 1004 3208 area
1026 3147 1116 3227 prato

322 3249 466 3314 laudibus
491 3253 522 3312 et
545 3249 672 3328 domini,
697 3250 750 3332 qui
773 3248 915 3312 conditor
937 3250 998 3313 oris
1022 3253 1054 3312 et
1076 3250 1152 3313 artis

322 3337 520 3418 omnimodae
545 3357 601 3434 est,
626 3355 712 3418 uario
734 3353 893 3418 famulans
916 3353 994 3434 pede
1018 3355 1140 3419 musica
1162 3355 1275 3417 currat.

322 3458 448 3540 iamque
470 3459 647 3522 intertextis
670 3459 777 3541 elegus
801 3458 949 3522 succedat
971 3457 1096 3538 iambis,

323 3565 364 3627 sit
386 3565 480 3645 caput
501 3563 615 3626 herous
638 3563 942 3645 fundamentumque
965 3560 1080 3627 libello.

238 3780 299 3835 105
365 3772 458 3837 castis
482 3772 622 3856 agendus
646 3771 768 3855 gaudiis
791 3774 824 3835 et
846 3770 956 3834 hostiis

173 3884 184 3896 ⁵
322 3877 388 3942 dies
410 3875 533 3940 refulsit
555 3875 646 3940 laude
669 3876 781 3941 Felicis
805 3893 902 3939 sacer.

262 4131 296 4184 76
314 4128 428 4198 spetioso
447 4128 478 4182 Ε
545 4128 577 4182 77
596 4142 717 4196 proceres
734 4129 800 4196 fort.
870 4143 925 4180 ces.
944 4127 977 4179 77
996 4131 1021 4179 ct
1038 4127 1072 4180 78
1086 4130 1151 4193 poet
1169 4127 1203 4180 83
1217 4123 1360 4194 ponendos

215 4233 274 4272 ease
291 4233 359 4271 cens.
380 4215 558 4270 Zechmeistcr
610 4216 645 4270 84
662 4213 788 4267 mihimet
804 4215 912 4282 scripsi,
931 4211 998 4265 mihi
1011 4212 1047 4278 E,
1065 4225 1170 4264 meeum
1189 4213 1258 4267 cont.
1277 4211 1359 4266 Zceh-

214 4303 324 4360 mar
367 4305 401 4358 86
410 4301 540 4355 ortumE
582 4303 615 4356 97
625 4299 744 4354 nouellae
753 4302 822 4356 coci.
833 4300 1018 4366 Zeohmsister,
1027 4295 1172 4352 nouellaE
1216 4295 1359 4352 1112οω111-

215 4412 297 4467 moee
315 4413 346 4467 n
396 4415 446 4469 ne
464 4380 591 4481 erem'n
642 4413 692 4469 ron
709 4411 811 4482 nonno]
830 4412 894 4468 aaa.
909 4412 950 4466 rs:
967 4409 1066 4480 rnarpn
1084 4407 1151 4465 oser
1168 4409 1259 4463 xrnr.

270 4507 332 4549 XXX.
347 4507 432 4550 Psnhni
445 4507 492 4550 Nol.
509 4505 609 4549 carmina.
1172 4501 1201 4549 ll
