3217 4950
259 390 321 455 138
590 409 617 464 S.
629 407 763 464 Paulini
780 407 902 464 Nolani
920 408 1066 478 episcopi

360 602 455 648 55555
478 588 545 649 5551
567 584 763 669 specubusne
784 585 871 649 55515
895 584 932 648 15
955 600 1041 650 mere
1063 583 1230 665 15155555,

357 688 505 753 indicium
527 693 683 771 metuens,
705 688 878 754 credendes
899 688 1018 753 fraudis
1042 706 1165 753 555555.

357 794 429 859 1515
452 798 673 860 5555155155
695 795 819 860 tunicae
843 811 900 859 sue
922 793 1008 859 iuris
1029 793 1183 859 neisndns

274 905 335 962 575
358 898 540 981 crediderat,
563 917 626 982 qus
646 899 829 964 restrictum
851 899 983 964 nodaret
1005 898 1155 963 amictum

357 1003 552 1087 suspendens
574 1003 703 1068 fluidam
726 1003 844 1070 nudetc
865 1003 982 1087 poplite
1005 1005 1138 1068 uestem.

356 1107 437 1172 hene
459 1107 519 1172 sibi
540 1108 654 1192 preede
676 1127 793 1192 penum
817 1107 943 1174 sceleris
966 1112 1042 1172 tnnc
1064 1110 1166 1172 semet
1187 1107 1219 1173 in
1241 1107 1309 1190 ipsc

357 1215 521 1294 struxerat,
544 1217 576 1278 et
598 1213 691 1298 digne
713 1213 770 1278 1511
792 1216 841 1277 551
862 1212 1026 1278 formidine
1050 1212 1185 1294 uinctus,

356 1317 552 1382 crederetui
573 1318 669 1382 nnllis
691 1317 799 1382 miseri
822 1317 978 1382 consertis
999 1316 1086 1396 furti,

272 1429 334 1484 580
356 1424 393 1485 51
414 1421 541 1486 55515515
563 1423 645 1487 15511
666 1423 813 1506 contegis
834 1422 918 1488 selus
941 1421 1071 1486 heberet

355 1528 387 1589 51
408 1526 497 1590 51555
518 1527 603 1591 illius
625 1525 715 1591 fieret
736 1525 879 1596 55515115
901 1525 988 1606 furti,

355 1629 443 1694 cuius
466 1631 652 1716 sacrilegem
675 1630 779 1696 155551
799 1649 912 1695 munus
936 1645 1013 1694 5555
1034 1629 1188 1713 55515555,

354 1733 422 1816 ipse
445 1753 539 1800 snum
561 1734 620 1800 sibi
642 1736 739 1800 ferret
761 1753 840 1800 enus
863 1735 1026 1816 solumque
1049 1735 1194 1818 grenaret

354 1839 569 1922 pollueretque
592 1858 666 1905 snae
687 1840 791 1905 letalis
814 1839 937 1904 5555155
958 1837 1102 1921 praedae,

271 1949 332 2008 585
355 1946 390 2008 51
412 1944 491 2009 nihil
514 1945 627 2009 551115
650 1961 786 2008 uacum
809 1943 960 2027 inpietate
984 1945 1135 2023 muneret,

355 2048 408 2130 551
431 2049 566 2131 spolium
589 2048 715 2114 sceleris
738 2047 835 2113 saeris
859 2067 895 2112 er
918 2047 1047 2112 aedibus
1070 2051 1175 2112 sctum

354 2151 518 2218 includens
540 2153 649 2218 habitu
672 2152 773 2217 515515
795 2153 1023 2236 constringeret
1045 2151 1150 2235 ipsum

354 2260 448 2339 51555
471 2257 537 2321 5515
560 2257 685 2341 signnm
707 2257 927 2340 praetenderet
948 2258 1014 2340 ipse
1037 2256 1165 2321 5515515.

354 2379 489 2444 nemque
511 2360 601 2426 breui
623 2365 733 2444 ceptus
756 2361 892 2426 55515511
914 2361 1040 2446 cingula
1062 2360 1184 2441 uinclis,

270 2471 331 2529 590
355 2467 452 2548 51555
474 2484 586 2531 eurum
608 2464 729 2531 sinibus
753 2465 906 2531 discincta
927 2468 1016 2531 ueste
1039 2465 1150 2530 solutis

355 2569 476 2650 decidit,
500 2588 536 2635 ex
558 2570 629 2654 ipse
650 2570 753 2635 fueret
775 2588 838 2653 555
859 2570 981 2635 5155155
1003 2570 1127 2635 hebens

353 2673 477 2739 uinctus
501 2692 553 2739 ees
576 2692 653 2757 5555
676 2676 709 2741 15
732 2692 822 2739 sucre
844 2674 925 2739 dene
947 2674 1122 2747 tetenderat
1144 2674 1242 2738 audax

352 2778 466 2862 praede
489 2796 612 2861 515555,
634 2779 751 2864 proprii
773 2783 883 2862 captus
906 2778 1073 2843 nodamine
1094 2779 1162 2859 leri,

352 2882 461 2948 retulit
481 2886 514 2947 et
535 2884 669 2967 preedee
689 2900 806 2947 555555
830 2886 861 2948 51
882 2886 966 2947 55515
987 2883 1133 2967 repleius.

270 2993 330 3049 595
354 3005 465 3051 nerum
488 2990 514 3052 si
536 2988 662 3071 penitus
685 2992 785 3053 151515
809 2992 950 3071 spectare
972 2988 1107 3052 uelimus

351 3091 467 3156 ordinis
491 3092 590 3157 execti
613 3094 725 3157 seriem
748 3092 851 3176 magis
875 3110 911 3156 55
933 3094 1035 3175 nugis
1058 3093 1144 3156 enini

351 3195 384 3258 in
406 3196 518 3279 specie,
541 3198 592 3261 uel
615 3214 677 3279 555
699 3196 792 3261 151511
814 3196 916 3261 555155
939 3199 1032 3279 51555
1054 3196 1212 3260 reclusum

351 3300 472 3381 claruit,
496 3300 678 3366 5151155515
699 3301 750 3365 151
771 3318 935 3365 cernemus
959 3302 1066 3383 operte

351 3403 488 3470 Felicem
509 3405 646 3489 gessisse
669 3423 773 3469 55555.
797 3404 863 3469 iem
884 3405 1021 3488 plurime
1040 3408 1124 3469 retro

268 3514 329 3572 600
353 3508 497 3590 diximus,
519 3512 557 3574 ut
578 3510 701 3593 fugiens
724 3526 787 3573 555
810 3508 928 3593 fugerit
949 3512 1045 3591 utque
1066 3508 1200 3573 reductis

350 3611 495 3696 passibus
519 3631 663 3679 emensos
686 3630 745 3677 555
765 3631 821 3697 per
844 3612 979 3697 uestigia
1001 3630 1108 3677 cursus

290 3899 341 3953 575
363 3912 444 3965 quare
466 3897 591 3952 curetum
614 3898 644 3953 n
665 3898 742 3953 555.
834 3866 948 3965 nostrae
965 3898 992 3952 A
1015 3896 1385 3967 purpurascere.

246 3985 298 4039 576
316 3981 446 4037 flendum
463 3986 491 4039 A
566 3987 616 4041 577
634 4000 749 4054 peennm
768 3985 806 4050 D,
829 4000 944 4054 poenum
961 3984 989 4038 A
1064 3983 1133 4039 hene
1154 3983 1252 4053 praede
1271 3999 1386 4053 pcensm

245 4070 411 4126 55551155.
468 4074 520 4129 585
538 4076 597 4126 5515
614 4072 673 4126 AD
734 4074 784 4127 587
804 4071 893 4125 515515
911 4072 969 4126 AD
1027 4071 1220 4141 constringeret
1237 4071 1303 4140 AD,
1321 4068 1385 4125 sub·

246 4182 390 4251 stringeret
408 4184 439 4238 D
497 4185 546 4240 591
566 4198 653 4237 cuens
669 4185 698 4240 D
751 4144 963 4240 594551511111
1013 4188 1083 4238 reste
1102 4184 1137 4253 Ε,
1156 4186 1226 4238 55515
1243 4185 1310 4251 AD,
1327 4185 1386 4238 rete

245 4269 321 4325 Mur.
375 4272 426 4327 595
443 4271 567 4341 paenitus
584 4271 642 4326 AD
703 4274 791 4325 tntum
810 4272 841 4326 D
896 4274 947 4328 597
966 4270 1050 4325 scelus
1070 4272 1104 4340 E,
1123 4290 1173 4329 om.
1192 4272 1251 4327 AD
1303 4274 1385 4340 51555

246 4356 282 4426 Ε,
300 4370 383 4425 ecque
400 4358 459 4415 AD
510 4356 592 4412 151511
609 4372 695 4428 queue
714 4361 770 4412 erte
788 4356 906 4413 reclusus
925 4359 1000 4415 Mur.
1054 4360 1105 4416 598
1122 4356 1290 4413 annuenda
1307 4358 1337 4415 D
