3217 4950
598 423 623 476 S.
636 422 769 477 Paulini
787 423 907 478 Nolani
924 424 1070 493 episcopi

366 596 419 660 sed
442 597 564 662 lioibrm
588 598 710 681 magnis
733 601 844 662 moues
867 598 1034 681 inpendere
1057 617 1157 680 curas,

366 719 424 765 nee
446 700 655 785 dedignantur
677 702 773 766 uilem
797 702 945 766 caelestia
966 703 1102 767 laudem.

365 823 437 889 pers
461 806 555 870 etiam
580 805 682 870 meriti
706 806 855 871 meritum
877 805 1035 871 celebrare
1057 808 1195 888 piorum3

366 927 424 974 nec
446 927 528 974 noua
550 927 634 974 nunc
656 917 711 976 aut
734 913 840 976 nostra
863 929 990 985 oenam;
1014 911 1117 976 dixere
1139 911 1309 994 prophetae
1353 949 1357 958 ,

304 1021 341 1076 15
366 1017 479 1078 cuneta
500 1013 585 1098 prins
608 1015 771 1096 sanctique
794 1015 854 1080 uiri
877 1033 1021 1080 sermone
1044 1016 1145 1080 soluto

367 1117 556 1200 promissum
581 1122 732 1199 exortum,
756 1121 855 1184 uitam
878 1124 1073 1202 mortemque
1096 1124 1268 1198 sacrarunt,

367 1224 393 1286 si
416 1241 500 1286 mors
523 1223 577 1287 illa
599 1224 667 1303 luit,
692 1225 808 1288 meruit
829 1242 908 1306 quae
932 1225 1085 1308 sanguine
1107 1225 1239 1289 caelum.

366 1345 422 1392 nos
446 1330 570 1392 tantum
594 1327 727 1392 rnodulr's
751 1329 896 1393 euoluere
920 1327 1004 1393 diota
1025 1329 1148 1393 canoris

366 1431 509 1496 nouimus
533 1436 564 1495 et
586 1451 680 1496 uersu
702 1435 826 1496 mentes
848 1433 953 1500 laxare
974 1433 1145 1517 legentum.

303 1543 343 1598 ao
366 1535 411 1600 sio
434 1533 522 1618 (nam
545 1553 661 1620 magna
682 1537 756 1601 lieet
777 1537 895 1618 paruis,
918 1537 1047 1619 antiqua
1068 1537 1212 1616 nouellis‚

365 1639 506 1724 perlecta
526 1639 659 1705 indoctis
681 1641 832 1720 conferre,
855 1645 982 1705 aeterna
1003 1640 1144 1725 caducis)

366 1744 539 1828 inspirante
562 1745 619 1810 deo
642 1745 788 1829 quicquid
812 1745 914 1832 disere
937 1745 1056 1828 priores

366 1848 487 1932 aptauit
509 1848 636 1914 citharis
660 1867 773 1914 noman
796 1849 974 1914 uenerabile
997 1849 1110 1930 Dauid,

366 1971 503 2018 consona
524 1953 651 2018 caelesti
673 1971 815 2037 pangens
838 1954 1053 2018 modulamina
1072 1954 1202 2036 plectro.

303 2065 342 2120 25
367 2075 424 2122 nos
445 2075 567 2141 quoque
583 2059 631 2122 las
648 2057 830 2123 meminisse
847 2059 896 2123 (lei
912 2063 944 2122 et
959 2076 1152 2141 quamquam
1167 2058 1279 2123 obruta
1294 2058 1403 2122 multis

367 2166 493 2245 pectora
514 2162 696 2227 criminibus
720 2163 889 2243 caelestem
911 2163 1077 2227 admittere
1101 2181 1239 2227 sensum.

409 2266 574 2331 Zacharias
597 2265 685 2349 Syria
708 2267 867 2350 quondam
890 2268 929 2331 de
952 2271 1045 2350 gente
1069 2267 1213 2331 sacerdos

366 2371 483 2436 eredita
505 2370 650 2436 sollemni
672 2369 802 2435 curabat
824 2372 943 2453 templa
965 2375 1086 2455 paratu.

365 2476 432 2541 rita
453 2476 512 2541 uiri
534 2477 651 2559 pietate
674 2476 734 2541 fide
757 2477 913 2561 grauitate
935 2478 1053 2560 pudore

304 2588 343 2645 30
367 2581 514 2664 obsequio
536 2582 690 2663 condigna
713 2580 772 2663 dei,
796 2582 929 2647 coniunx
950 2582 1024 2645 huic
1046 2582 1129 2647 alma

366 2684 528 2750 Elisabeth
550 2684 653 2768 prisca
675 2688 854 2757 sanctorum
877 2686 976 2768 stirpe
998 2685 1138 2751 uirorum

365 2789 529 2873 progenita
551 2792 583 2855 et
606 2792 694 2854 tanto
717 2788 887 2854 uirtutibus
910 2808 1011 2873 aequa
1033 2790 1154 2855 marito.

365 2892 430 2973 sed,
454 2894 535 2976 quod
557 2894 590 2957 in
614 2892 778 2976 obprobrio
803 2897 942 2959 matrum
963 2912 1095 2975 posuere
1117 2893 1246 2977 priores,

365 2998 451 3080 prole
475 3016 584 3063 carens
608 2998 747 3063 sterilem
772 2998 908 3063 ducebat
929 3002 1051 3063 maesta
1072 3002 1232 3063 senectam

303 3110 343 3163 35
368 3120 518 3185 spemque
540 3119 666 3166 omnem
690 3100 806 3166 sobolis
830 3105 990 3167 transacta
1011 3102 1187 3167 excluserat
1208 3105 1304 3167 aetas.

366 3205 445 3270 forte
468 3224 591 3273 sacrum
614 3207 765 3271 sollemne
789 3206 846 3271 deo
869 3206 959 3289 plebs
982 3211 1096 3273 cuncta
1118 3205 1248 3286 ferebat,

367 3315 398 3374 et
419 3310 490 3393 pius
513 3312 644 3375 antistes
668 3328 772 3375 sacros
796 3310 975 3377 adoleuerat
997 3312 1097 3395 ignes,

366 3414 477 3479 intima
499 3414 611 3480 diuinis
635 3415 782 3481 decorans
807 3415 918 3481 altaria
939 3412 1092 3489 flammis;

367 3536 437 3582 ecee
459 3536 580 3582 sacram
603 3522 729 3601 propter
752 3520 895 3584 caelestis
919 3521 1047 3584 nuntius
1071 3536 1157 3584 aram

307 3796 338 3850 12
358 3795 504 3863 dignantur
522 3794 567 3851 Ν1
638 3798 670 3851 13
689 3794 836 3849 caelebrare
854 3797 888 3850 N
891 3795 901 3826 ²
964 3796 1084 3866 priorum
1101 3795 1136 3849 N
1205 3798 1236 3851 15
1255 3794 1339 3849 saleto
1356 3794 1391 3851 N
1393 3795 1405 3828 ¹

264 3885 297 3939 18
320 3881 449 3937 modulcis
467 3882 500 3937 N
503 3880 513 3912 ¹
584 3884 617 3937 20
636 3898 698 3937 nam
718 3884 752 3938 N
764 3901 786 3938 a.
799 3884 817 3937 1.
830 3886 894 3938 och
964 3882 1067 3951 patruis
1084 3882 1118 3937 N
1185 3881 1411 3953 saepenumero

262 3971 296 4025 25
318 3972 346 4023 ec
366 3970 405 4037 N,
427 3986 478 4025 om.
491 3968 620 4038 rapam
634 3968 721 4025 Rcsm
781 3968 928 4039 obrutaN,
945 3968 1032 4023 obsita
1043 3970 1132 4025 Roeao.
1184 3968 1278 4023 multis
1295 3970 1360 4025 adet
1373 3971 1409 4025 N

261 4059 327 4117 aa
387 4056 421 4110 ao
439 4052 582 4109 armorum
600 4055 645 4110 nu
706 4057 739 4111 ar
759 4055 894 4110 annasse
911 4057 945 4112 rr
1004 4058 1038 4112 so
1056 4054 1188 4125 arugno
1206 4055 1252 4112 ru
1296 4041 1406 4111 'aum

262 4168 349 4223 aoso.
420 4167 561 4223 samaria
581 4167 625 4222 ou
689 4170 723 4223 sa
741 4134 828 4221 mila
844 4170 877 4235 p·
893 4169 968 4237 aa)
981 4170 1016 4224 rr
1075 4171 1110 4225 ee
1127 4168 1196 4223 rorte
1214 4184 1320 4223 mmm
1337 4166 1405 4224 aas

262 4280 410 4334 insuaN
475 4245 629 4348 sollerlppins
648 4282 815 4349 (eorr.m.2)
835 4282 867 4335 N
933 4283 967 4335 37
985 4282 1045 4349 pius
1061 4282 1354 4364 Iapu.1s0ea.,‚prius
1372 4280 1408 4335 N

263 4367 373 4419 antestis
391 4366 438 4421 N²
1258 4378 1263 4388 ’
