3217 4950
554 465 680 505 earmsn
697 449 813 516 XVIIII,
827 453 970 508 sss-394.

217 631 280 687 365
303 625 404 690 earnis
427 626 612 710 apostolieae
634 643 723 690 saera
744 627 876 711 pignora
896 628 1025 711 puluere
1046 645 1153 711 paruo,

303 747 382 813 qnae
404 733 532 795 sanctus
554 731 653 795 nostri
676 731 881 814 dominusque
904 735 1053 815 paterque
1076 731 1186 796 nubilis

303 838 335 899 et
355 838 459 900 eustos
482 835 605 899 animae
627 839 752 900 nostrae
775 839 806 901 et
828 837 928 901 tutela
951 837 1061 900 salutis

303 938 388 1004 Felix
410 939 516 1004 uicina
537 939 597 1004 sibi
619 941 795 1004 domminus
818 941 894 1004 aede
916 941 1043 1025 recepit,

303 1060 381 1125 quae
404 1043 530 1126 reliquis
553 1045 618 1108 eins
642 1047 746 1109 aetate
768 1044 923 1109 recentior
948 1045 1027 1109 aulis

216 1155 281 1208 370
305 1147 429 1231 exiguos
452 1148 572 1212 eineres
596 1151 628 1213 et
649 1165 781 1232 magnos
804 1151 911 1214 seruat
933 1149 1065 1214 honores

302 1255 505 1334 seruaturque
527 1253 629 1336 magis
652 1252 831 1318 custodibus
854 1253 923 1335 ipsa
945 1253 1099 1336 petronis;

304 1355 386 1420 absit
408 1357 501 1438 enim,
524 1360 561 1421 nt
582 1357 701 1421 seruari
723 1373 874 1439 umquam
897 1357 1063 1422 uideantur
1086 1375 1176 1442 egere

304 1460 357 1542 qui
378 1477 502 1525 seruare
525 1461 628 1525 solent
649 1464 757 1526 tamen
780 1464 813 1526 et
834 1478 942 1526 curare
966 1478 1094 1526 suorum

304 1563 467 1628 commoda
488 1565 687 1630 alumnorum
710 1565 809 1648 patrio
833 1565 1000 1649 dignantur
1025 1582 1130 1630 amore

213 1674 281 1730 375
305 1671 399 1750 atquo
420 1667 594 1733 dicatorum
617 1668 677 1733 sibi
698 1672 877 1734 tutamenta
899 1669 1037 1734 locorum

304 1771 445 1857 diligere;
467 1773 526 1837 hoo
548 1774 663 1838 sanetis
686 1773 825 1838 studium
848 1773 974 1856 pietatis
996 1774 1098 1838 inesse

304 1875 465 1959 spiritibus
487 1877 629 1941 miranda
650 1875 711 1940 fide
734 1877 920 1943 documenta
943 1876 1103 1942 dederunt.

347 1981 429 2046 unde
451 1999 560 2046 reeens
582 1982 677 2046 etiam
698 1983 807 2065 paneis
831 1999 907 2066 opus
931 1983 1058 2065 eloquar
1081 1983 1174 2057 orsis3

304 2084 434 2170 dignum
456 2087 573 2151 etenim
595 2087 697 2151 saneti
719 2086 831 2152 Feliois
855 2105 985 2152 munera
1009 2087 1041 2152 in
1063 2087 1131 2171 ipso

213 2198 282 2253 380
305 2190 402 2255 natali
426 2190 566 2256 eiusdem
588 2190 785 2276 gratantibus
810 2191 899 2256 edere
922 2189 1037 2256 uerbis.

304 2312 367 2359 non
388 2295 554 2378 peregrina
574 2295 651 2360 loeis
673 2313 774 2377 neque
797 2299 937 2378 tempore
959 2295 1062 2380 prisea
1083 2293 1241 2378 profabor3

303 2397 420 2463 finibus
441 2391 481 2463 in'
496 2400 610 2464 nostris
634 2402 665 2464 et
686 2401 719 2464 in
741 2401 803 2464 ista
825 2399 899 2464 sede
920 2402 1080 2483 patratum

304 2522 403 2586 nuper
425 2520 502 2588 opus
524 2504 668 2585 referam,
690 2505 772 2587 quod
793 2505 874 2569 forte
896 2522 1059 2569 renosoere
1082 2502 1172 2568 uobis

303 2611 484 2691 promptum
507 2609 575 2689 erit,
602 2609 636 2673 in
658 2609 760 2673 medio
783 2609 930 2692 quoniam
952 2626 1002 2673 res
1024 2608 1143 2673 lumine
1165 2611 1255 2692 gesta
1278 2610 1335 2671 est.

212 2719 282 2777 385
305 2711 396 2777 oredo
419 2732 456 2776 er
479 2712 538 2778 hoe
560 2730 690 2777 numero
711 2716 853 2778 uestrum
875 2731 971 2797 prope
994 2712 1098 2777 nullus
1121 2714 1153 2776 in
1176 2712 1237 2776 isto

303 2817 345 2881 eit
366 2834 467 2881 nouus
490 2816 608 2898 auditu,
630 2818 703 2900 qnia
724 2837 780 2901 per
801 2818 972 2901 longinqua
993 2817 1122 2882 remotis

303 2921 390 2985 fama
410 2921 522 2986 uolans
545 2922 624 2987 ierit.
648 2925 731 2987 uerte
754 2921 915 2986 adfueritis
938 2922 970 2985 in
992 2922 1053 2985 ista

304 3023 381 3089 urbe
404 3026 501 3107 aliqui
522 3046 578 3110 per
598 3025 681 3090 idem
703 3029 840 3110 tempus,
864 3043 925 3108 quo
947 3024 1089 3109 contigit,
1112 3027 1148 3088 nt
1168 3025 1219 3089 fur

303 3129 430 3194 inlieitis
453 3130 557 3194 animo
580 3130 717 3195 stimulis
739 3130 874 3214 agitatus
898 3146 1008 3195 annas

214 3242 283 3298 390
306 3234 446 3299 mitteret
467 3233 500 3297 in
523 3252 612 3299 saera
633 3234 714 3299 dona
735 3252 849 3298 manus
873 3238 904 3299 et
926 3232 965 3298 ab
989 3232 1134 3298 omnibus
1158 3250 1253 3297 unam

304 3337 453 3421 inprobus
475 3342 508 3403 et
529 3337 658 3403 demens
680 3336 877 3403 uenerandae
899 3336 1074 3423 insignibus
1097 3337 1186 3401 aulae

304 3442 434 3527 eligeret
454 3443 588 3527 praedae
610 3442 746 3525 speeiem
768 3444 879 3523 erneis,
902 3442 1018 3506 inscius
1041 3441 1129 3506 iilam

302 3546 417 3611 indieio
438 3547 508 3629 sibi,
531 3565 594 3612 non
616 3547 714 3630 spolio
735 3548 812 3628 iore,
836 3564 930 3630 quam
953 3545 1042 3611 uelut
1063 3546 1194 3609 hamum

303 3650 396 3734 pisoIs
418 3651 496 3716 edax
517 3652 624 3717 hausit
646 3654 738 3735 napta
760 3652 929 3735 capiendus
953 3650 992 3715 ab
1015 3666 1095 3715 3333.

239 3962 534 4033 aerumnosarum
550 3964 578 4017 A
636 3963 688 4019 368
706 3962 826 4017 33311333
846 3962 875 4015 E
924 3960 972 4015 ede
990 3961 1016 4015 A
1070 3961 1121 4015 373
1140 3961 1246 4014 tantm
1263 3961 1333 4015 oeni.

188 4050 376 4107 zeonem
427 4051 478 4105 374
491 4048 687 4117 dignaturAD
737 4050 789 4104 376
808 4047 918 4116 diligere
930 4048 996 4117 AD,
1015 4046 1127 4115 dingere
1141 4048 1171 4101 E
1220 4046 1334 4102 87713-

189 4138 318 4193 31133313
342 4136 401 4191 AD
469 4134 605 4191 3781313
627 4136 654 4190 A
723 4136 773 4191 381
798 4134 875 4204 13313]
899 4133 992 4203 loquar
1014 4135 1088 4189 Mar.
1159 4136 1280 4203 tempora
1306 4134 1335 4189 D

188 4226 250 4282 383
267 4236 405 4276 3313333333
423 4222 459 4291 Ε,
479 4237 587 4276 noseere
604 4222 670 4290 AD,
691 4236 832 4290 agnouere
850 4222 924 4275 Mser.
983 4219 1058 4274 nobie
1076 4220 1119 4274 A¹
1177 4220 1229 4276 384
1245 4234 1334 4290 prom-

187 4316 258 4366 tum
277 4310 306 4364 A
375 4310 425 4365 387
448 4308 500 4363 init
516 4308 591 4365 ntur.
662 4305 802 4363 adiuerifis
820 4308 885 4375 AD,
907 4306 1041 4362 affueratis
1062 4306 1103 4376 (ra
1119 4322 1152 4363 33
1170 4305 1193 4359 ri
1210 4324 1244 4361 m.
1256 4307 1285 4377 3)
1307 4308 1338 4362 Ε

187 4400 249 4455 898
269 4394 356 4450 erucis
375 4396 412 4464 E,
429 4410 506 4450 crnee
523 4396 581 4451 AD

1146 4482 1179 4533 9*
