3217 4950
250 457 378 512 XXXXII
733 457 911 512 Praefatio.

249 635 378 699 inuenta
400 632 541 698 inseruit.
580 633 720 698 carmina
750 633 846 717 igitur
871 634 905 698 in
932 633 981 698 luis
1008 631 1109 698 tribus
1133 632 1321 699 editionibus
1344 633 1389 698 ita

250 758 284 803 se
307 738 476 822 excipiunt:

404 892 433 948 in
450 892 500 947 hac
519 891 635 946 editione
752 891 895 945 Muratorii
1064 890 1182 946 Lebruni

468 995 574 1061 1-18
774 995 880 1060 1-18
1074 993 1179 1060 1-18

457 1099 582 1165 19-21
763 1099 889 1164 19-21
1069 1102 1183 1166 desunt

455 1201 583 1268 22-28
761 1203 890 1268 22-28
1062 1203 1189 1269 19-25

763 1307 893 1374 30-32
1061 1307 1190 1373 27-29

499 1411 541 1476 29
806 1413 848 1478 33
1104 1411 1147 1478 30

498 1516 542 1581 30
805 1515 847 1579 29
1103 1516 1146 1580 26

804 1620 848 1685 34
1102 1621 1143 1685 31

498 1724 538 1789 31
804 1723 847 1789 35
1103 1723 1147 1790 32

499 1827 542 1892 32
671 1847 783 1912 poema
805 1830 954 1892 ultimum
1081 1831 1169 1894 deest

500 1931 542 1996 33
779 1933 867 1996 deest
1080 1933 1169 1998 deest

293 2088 331 2154 In
353 2088 447 2153 rebus
470 2087 714 2172 orthographicis
741 2089 888 2168 rationes,
915 2107 992 2170 quas
1015 2089 1047 2153 in
1071 2089 1277 2172 epistularum
1299 2106 1390 2173 prue-

250 2193 366 2259 latione
396 2211 426 2275 p.
449 2191 538 2256 XXV
555 2211 601 2275 sq.
634 2192 793 2274 explioaui,
826 2196 951 2256 secutus
983 2211 1068 2267 sum;
1099 2193 1389 2275 antiquissimorum

250 2297 401 2362 librorum
432 2296 540 2379 quales
571 2299 647 2360 sunt
674 2295 814 2378 plerique
844 2297 1015 2378 scripturas
1042 2295 1095 2359 ubi
1122 2297 1155 2360 in
1182 2299 1304 2361 tentum
1326 2315 1389 2362 non

250 2403 362 2485 recepi,
393 2399 568 2464 accuratius
596 2399 628 2463 in
657 2399 857 2464 adnotatione
883 2400 991 2464 critica
1021 2399 1178 2482 adnotaui,
1209 2401 1388 2466 tritissimas

251 2510 375 2571 tantum
391 2506 569 2569 litterarum
585 2505 672 2569 uelut
687 2526 703 2567 e
717 2526 755 2567 ce
770 2525 816 2585 oe,
833 2502 848 2565 i
871 2507 903 2569 et
923 2526 954 2591 y,
971 2502 1002 2566 οἱ
1018 2508 1050 2568 et
1065 2503 1092 2566 ti
1115 2504 1302 2570 mutationes
1317 2524 1391 2589 par·

252 2610 317 2673 cius
340 2608 594 2673 commemoraui.

293 2714 318 2777 I.
336 2712 653 2776 Zechmeisterum
669 2712 723 2794 qui
737 2712 902 2794 plerosque
918 2712 1037 2776 codices
1058 2712 1293 2777 accuratissime
1315 2730 1391 2777 con-

250 2818 325 2883 tulit
346 2817 461 2898 quique
487 2818 559 2898 post
589 2832 662 2879 cum
691 2816 772 2879 hano
802 2832 930 2899 operam
959 2816 1158 2899 perfecerunt
1186 2817 1249 2880 iam
1276 2817 1309 2881 in
1336 2817 1391 2880 de-

250 2920 417 3003 scriptione
439 2920 636 3003 singulorum
657 2918 808 2983 librorum
832 2923 921 3003 grato
944 2920 1048 2984 animo
1075 2920 1245 2985 nominaui.
1291 2921 1389 2985 Zech-

250 3025 379 3089 meister
397 3041 472 3088 uero
495 3038 557 3088 non
580 3026 705 3087 tantum
721 3023 949 3106 supellectilem
964 3023 1105 3088 criticam
1120 3024 1160 3088 od
1175 3024 1390 3089 edomandam

250 3145 365 3193 nouam
396 3126 563 3192 editionem
592 3126 725 3210 impigro
748 3126 855 3191 labore
878 3128 1047 3210 congessit,
1079 3128 1135 3191 sed
1164 3128 1259 3192 etiam
1283 3146 1390 3193 emen·

252 3232 411 3296 dationem
433 3230 602 3311 inchoauit,
625 3231 714 3294 cuius
738 3230 913 3313 specimina
927 3232 1087 3314 praeclara
1101 3231 1135 3294 in
1150 3230 1237 3297 Stud.
1255 3231 1388 3297 Vindob.

250 3354 277 3401 a.
297 3334 380 3399 1879
403 3336 494 3400 edere
521 3338 674 3418 coeperat,
704 3353 776 3399 cum
808 3336 981 3399 immatura
1009 3339 1110 3400 morte
1141 3334 1231 3399 nobis
1262 3338 1389 3420 ereptus

251 3442 308 3505 est.
333 3440 529 3504 coniecturae
543 3442 575 3504 ct
585 3439 629 3503 ibi
644 3440 783 3523 prolatae
802 3445 834 3504 et
848 3440 882 3504 in
897 3440 1038 3522 margine
1055 3440 1198 3504 editionis
1209 3439 1389 3524 Mignianae

251 3544 290 3607 ad
305 3542 456 3609 nonnulla
475 3543 615 3608 carmina
630 3542 804 3626 adscriptae
829 3560 909 3625 quae
931 3544 983 3607 ille
1005 3543 1213 3626 praestiturus
1235 3544 1340 3624 fuerit,
1363 3544 1391 3608 si

250 3648 312 3731 ipsi
333 3647 438 3712 studia
458 3647 582 3731 incepta
604 3647 748 3731 persequi
762 3647 914 3727 licuisset,
929 3647 1006 3711 satis
1020 3646 1163 3729 probant
1186 3648 1220 3711 in
1233 3647 1389 3714 indicibus

252 3750 450 3815 conficiendis
474 3748 627 3815 Carolus
651 3748 869 3816 Weilnbdck
891 3750 1050 3815 seminarii
1064 3749 1316 3817 Vindobonensis
1339 3769 1391 3816 so·

252 3854 331 3919 daim
354 3872 405 3919 me
428 3851 557 3918 adiuuit.

295 4061 551 4143 Vindobonae,
574 4062 647 4127 Kal.
663 4062 723 4127 Iul.
742 4061 836 4128 1894.

945 4370 1132 4449 Guilelmus
1155 4372 1196 4449 de
1217 4372 1345 4450 Hortet
