3217 4950
263 434 324 499 176
594 454 621 507 S.
634 453 766 507 Paulini
784 453 906 507 Nolani
925 455 1070 524 episcopi

362 632 516 711 quantum
539 630 657 693 etenim
680 630 798 694 discors
822 648 903 713 agno
926 631 1019 714 lupus
1042 635 1074 695 et
1095 631 1235 695 tenebris
1257 632 1320 713 lun,

363 737 488 799 tantum
512 734 695 817 dispescunt
717 735 771 798 uia
792 735 898 799 diuitis
921 738 952 799 et
976 736 1027 799 uis
1050 735 1175 800 (lhrist'n

279 846 342 903 540
365 858 440 905 nam
463 840 516 903 uia
536 840 602 903 lata
622 843 722 921 patet,
744 858 824 921 quae
848 858 945 923 prono
968 839 1091 904 lubrica
1112 841 1194 905 cliuo

363 944 467 1028 uergit
488 944 521 1007 in
543 944 712 1025 internum,
735 962 815 1025 quae
838 946 918 1009 dites
940 948 1032 1028 urget
1054 962 1177 1025 auaros,

363 1048 500 1113 molibus
522 1049 665 1130 inpulsos
686 1050 819 1133 propriis
842 1049 874 1113 in
898 1052 1015 1113 tartara
1037 1048 1122 1113 terri

362 1158 396 1218 at
417 1154 481 1233 uia,
504 1171 583 1236 quae
606 1153 723 1218 Obristi
745 1156 805 1233 est,
828 1172 907 1235 quae
931 1152 1161 1219 confessoribus
1185 1153 1277 1218 almis

363 1256 615 1341 martyribusque
637 1261 736 1341 patet,
757 1258 867 1341 paucis
890 1258 949 1322 iter
972 1258 1070 1322 ardua
1091 1258 1211 1341 pandit.

281 1370 343 1425 545
365 1380 427 1427 555
450 1364 536 1445 capit
557 1381 632 1446 ergo
653 1363 707 1426 nia
728 1363 806 1426 baec
829 1364 940 1444 tarsos,
964 1363 1099 1427 excludit
1122 1367 1260 1428 onustos.

362 1472 527 1551 propterea
548 1467 705 1531 famulum
727 1470 977 1548 sectatoremque
999 1466 1086 1531 beati

363 1572 511 1655 martyris
533 1572 686 1656 adstringi
708 1571 800 1635 decet
823 1574 1013 1654 erutumque
1036 1572 1179 1637 molestis

364 1676 556 1758 conpedibus
578 1682 706 1741 tenuem
729 1676 767 1739 de
789 1680 973 1759 paupertate
998 1674 1115 1740 salubri

363 1784 457 1863 atque
479 1781 584 1845 leuem
606 1780 685 1860 lieri,
707 1784 744 1844 ut
764 1785 889 1863 portam
911 1784 1076 1863 penetrare
1099 1800 1155 1864 per
1178 1783 1280 1843 551555

280 1892 342 1948 550
363 1886 466 1968 possit
487 1889 519 1949 et
541 1886 697 1949 excelsum
721 1885 840 1949 domini
862 1885 1070 1951 conscendere
1093 1887 1244 1949 montem.

406 1990 462 2053 scd
484 1989 557 2071 quid
580 2008 637 2073 ego
659 1989 830 2073 inprudens
854 1990 1031 2055 discernere
1054 1988 1192 2073 pondera
1214 2007 1318 2052 rerum

361 2113 418 2177 pro
441 2094 565 2179 magnis
586 2094 666 2158 haec
686 2112 768 2177 pono
791 2095 864 2175 tuis,
887 2098 976 2177 pater
999 2095 1127 2178 optime,
1152 2092 1263 2159 donis?

364 2198 538 2281 quamlibet
549 2199 626 2263 baec
637 2217 762 2281 quoque
773 2198 1075 2283 sintmibigrandia,
1086 2216 1186 2281 parua
1198 2202 1304 2261 tamon
1316 2200 1402 2277 sunt,

365 2304 392 2367 si
413 2304 536 2385 potiora
555 2304 675 2385 loquar.
699 2306 793 2385 quota
815 2304 916 2385 portio
939 2320 1075 2385 namque
1099 2306 1224 2367 tuorum
1249 2304 1298 2365 551

280 2416 342 2471 555
366 2426 440 2493 erga
462 2426 519 2471 nos
542 2426 673 2490 operum
695 2407 853 2493 reputatio
876 2408 1016 2471 muneris
1039 2408 1143 2488 buius,

363 2513 445 2596 quod
468 2517 584 2578 terram
606 2513 740 2596 bospitio
763 2513 886 2576 dederis
909 2511 1142 2594 habitandaque
1165 2516 1249 2576 tecta

362 2619 495 2682 condere
517 2618 723 2700 praestiteris,
746 2636 820 2681 cum
843 2619 888 2698 tu,
912 2621 1011 2701 pater,
1035 2621 1067 2681 et
1088 2621 1144 2681 tua
1165 2616 1256 2682 uobis

364 2723 487 2786 uiscera
507 2720 712 2805 praebueris?
735 2739 811 2786 nam
835 2721 908 2804 quid
931 2722 993 2786 nisi
1015 2721 1137 2786 uiscera
1159 2722 1249 2786 nobis

361 2826 473 2890 intima
494 2827 685 2910 prompsisti,
710 2825 825 2907 quibus
848 2826 998 2890 interiora
1020 2825 1188 2909 sepulchri,

278 2939 340 2994 560
363 2935 482 3011 sancte,
506 2931 553 2996 tui
575 2931 682 2995 excitis
706 2930 745 2994 ab
768 2934 876 3014 operto
899 2931 1029 3014 puluere
1052 2931 1155 2995 causis

361 3036 499 3118 pandere
521 3035 678 3120 dignatus,
701 3035 828 3118 speciali
851 3054 908 3100 nos
932 3035 991 3100 tibi
1013 3053 1119 3100 amore

362 3140 495 3204 insertos
518 3143 606 3205 tanto
628 3140 755 3204 uoluisti
776 3139 908 3222 prodere
931 3140 1031 3224 signo,

362 3247 398 3308 ut
420 3245 550 3308 tacitam
573 3247 606 3308 et
629 3245 722 3308 finam
744 3263 801 3327 per
823 3247 870 3309 tot
892 3247 976 3308 retro
999 3244 1125 3308 saecula
1147 3243 1252 3307 sedem

362 3349 508 3430 corporis,
532 3349 625 3428 alme,
649 3349 695 3412 tui
718 3347 821 3413 subito
845 3349 999 3413 existente
1022 3345 1131 3412 fauilla

279 3460 340 3515 565
364 3453 502 3536 pulueris
526 3453 559 3517 in
582 3455 688 3517 nostro
710 3453 844 3517 reserari
865 3457 1006 3536 tempore
1028 3453 1149 3516 5511551

363 3575 436 3640 ergo
458 3557 528 3621 illas
551 3557 665 3621 Felicis
688 3575 763 3640 opes
786 3557 820 3621 15
843 3557 988 3622 laudibus
1012 3557 1078 3622 5155

361 3664 544 3725 transcursu
565 3665 753 3744 properante
775 3662 882 3745 legam
904 3661 995 3743 quasi
1017 3662 1099 3725 dona
1121 3661 1252 3742 minora,

363 3765 466 3829 multa
487 3783 544 3830 suo
567 3766 658 3830 nobis
682 3783 762 3848 quae
784 3766 848 3830 iam
871 3767 990 3850 gremio
1014 3765 1170 3848 susceptis

301 3971 701 4030 555555555155515155.
761 3972 859 4027 diuites
877 3972 920 4027 A¹
979 3974 1029 4028 541
1049 3988 1116 4041 quac
1134 3974 1203 4029 costi.
1217 3973 1401 4040 Zeuma,

258 4077 311 4130 qua
327 4061 386 4116 AD
438 4061 489 4116 542
506 4059 592 4113 instar
609 4062 667 4114 tara
685 4061 715 4115 D
767 4063 819 4116 543
837 4059 871 4113 55
889 4060 917 4114 Α
970 4061 1021 4116 545
1039 4059 1127 4114 fursos
1145 4061 1210 4128 AD,
1229 4059 1400 4115 1551555551.

258 4148 468 4204 3555555555
543 4149 593 4202 347
613 4147 739 4216 asstringi
758 4148 787 4202 D
863 4149 914 4202 552
932 4147 1037 4215 magnis
1055 4147 1120 4200 baec
1138 4148 1176 4216 D,
1193 4146 1279 4216 magis
1296 4145 1346 4199 bae
1363 4147 1401 4212 A,

257 4249 305 4304 pro
324 4234 410 4303 magis
428 4233 493 4288 hacc
511 4250 559 4302 ego
572 4236 645 4289 Mar.
701 4237 752 4289 553
771 4233 840 4287 mibi
859 4234 983 4288 sintAD
1036 4237 1087 4290 556
1105 4233 1216 4304 terram]
1234 4232 1317 4286 ullum
1330 4233 1400 4288 coni.

258 4321 435 4376 Ζ55551515155
486 4323 537 4376 5611
555 4319 683 4375 5554111)
735 4321 946 4377 5545551515515
959 4321 989 4376 D
1042 4323 1092 4376 555
1111 4320 1222 4374 reserari
1235 4321 1303 4376 coni.
1317 4321 1400 4374 Zerb-

258 4408 372 4468 mcistcr,
389 4407 517 4460 reseruari
535 4409 601 4477 AD,
619 4407 721 4461 seruari
740 4409 815 4463 Mra.
