3217 4950
586 434 613 489 S.
631 433 763 488 Paulini
781 433 901 489 Nolani
919 434 1063 505 episcopi

404 617 467 672 530
563 608 665 694 ephod
687 612 827 674 staturae
850 628 1033 695 congruum,

511 732 606 795 quem
629 714 778 798 spiritalis
801 714 835 779 in
859 714 907 779 dei
930 713 1026 778 norbo
1047 714 1142 779 sacris

562 818 703 883 doctrina
724 821 810 883 lexat
830 819 920 883 liciis.

512 922 615 1005 sicque
637 923 670 987 in
694 940 830 1007 superna
851 926 941 989 uasto
963 922 1091 1007 reginae
1114 924 1216 987 aureis

562 1027 700 1092 intextus
722 1028 790 1112 ipse
814 1026 957 1109 fimbriis,

406 1137 467 1193 535
512 1136 718 1215 sanctumque
742 1131 866 1198 6555555
888 1132 1069 1197 Nazarenus
1093 1133 1243 1197 uerticem

564 1236 664 1320 pastis
686 1237 818 1302 adornet
840 1235 989 1319 crinibus,
1008 1260 1017 1271 ·

429 1336 433 1343 ’
511 1342 697 1424 animaeque
720 1342 885 1426 pulchrum
910 1342 995 1406 crine
1018 1340 1146 1406 uirtutis
1169 1344 1264 1426 capul

562 1449 701 1511 armetur
723 1464 854 1529 operosa
875 1445 945 1511 fide.

513 1570 570 1616 noc
592 1552 684 1617 huius
706 1569 858 1634 umquam
881 1552 1031 1617 desecans
1055 1552 1210 1615 nouacula

406 1664 469 1719 540
565 1656 714 1722 ascendat
735 1657 768 1721 in
792 1658 944 1722 damnum
966 1674 1084 1722 comae.

512 1764 544 1825 el
566 1765 602 1827 55
623 1762 675 1826 illo
699 1760 865 1827 samsoni
888 1761 1071 1844 capillorum
1094 1764 1216 1843 polens,

563 1866 680 1932 uirtute
703 1867 833 1931 crinitus
856 1884 954 1948 sacra,

514 1974 634 2036 sternat
655 1971 780 2036 leonem
802 1972 1036 2055 strangulatum
1059 1971 1190 2035 lorlibus

564 2076 741 2141 orationum
763 2074 901 2140 brachiis

408 2188 469 2243 545
516 2180 701 2263 dulcemque
723 2181 862 2245 fructum
885 2180 998 2244 nobilis
1022 2180 1168 2244 uictoriae

565 2285 712 2369 decerpat
733 2302 786 2349 ore
811 2286 936 2349 morcui.

513 2390 568 2453 sed
590 2389 629 2454 ab
653 2389 712 2454 hoc
734 2389 893 2472 trimnpho
916 2392 1028 2453 causat
1050 2390 1190 2471 exemplo
1214 2388 1273 2453 sibi

566 2496 668 2560 aliena
689 2495 773 2559 adire
796 2494 931 2558 foedera.

513 2600 671 2684 allophyla
693 2599 805 2664 mulier
828 2602 875 2664 est
898 2599 973 2664 mihi
996 2599 1045 2663 lex
1068 2617 1182 2663 carnea

408 2713 470 2768 550
566 2704 688 2769 blandis
712 2703 819 2769 dolosa
840 2702 970 2768 retibus.

514 2807 1132 2893 mwmfflmmmmm

565 2913 597 2977 in
621 2914 689 2978 iura
710 2913 832 2998 peccati
855 2913 975 2988 trahea

515 3018 696 3082 malesuada
717 3016 822 3083 uerbis
845 3016 964 3082 fraudis
987 3020 1054 3081 arlo
1077 3017 1219 3081 dulcibus

566 3125 708 3187 animum
730 3122 853 3187 uirilem
879 3121 1056 3197 effeminem

409 3233 470 3287 555
516 3230 661 3291 excaecat
683 3227 788 3291 oculos
813 3227 926 3292 montis
951 3229 982 3291 55
1004 3226 1086 3291 radil
1109 3231 1213 3310 capul,

565 3332 702 3416 spolians
725 3335 757 3396 el
779 3349 942 3397 exarmans
965 3330 1069 3395 fidem

514 3436 573 3501 hac
595 3440 684 3520 parte
706 3434 817 3501 Samso
840 3436 912 3501 nolo
935 3435 978 3500 sil
999 3438 1107 3500 nosler
1129 3454 1215 3518 puer,

298 3698 350 3752 530
368 3695 450 3766 ephot
467 3713 490 3764 c,
508 3693 583 3751 eloth
602 3697 636 3760 Β,
655 3693 775 3752 eufotO
828 3697 943 3749 statuere
956 3696 984 3750 Β
1038 3697 1086 3750 531
1108 3709 1186 3762 quom
1198 3693 1296 3762 Romo,
1315 3709 1397 3762 quam

255 3784 331 3839 Βο5
394 3782 476 3837 uerbo
494 3781 537 3836 dei
554 3784 582 3838 Β
643 3785 695 3839 535
713 3798 855 3836 nazaracm
874 3783 922 3838 Bo
987 3783 1037 3838 536
1055 3781 1173 3851 passiso
1238 3779 1352 3834 5655555
1370 3782 1398 3836 Β

255 3872 306 3925 537
325 3869 447 3940 pulcrum
465 3871 493 3925 Β
557 3869 644 3940 capud
661 3871 689 3926 Β
759 3871 809 3927 541
829 3883 936 3924 samson
954 3870 981 3924 Β
1052 3871 1103 3924 542
1121 3885 1195 3922 sacra
1212 3888 1236 3933 c,
1254 3883 1343 3922 sacrae
1366 3868 1397 3934 0,

256 3957 347 4012 diuino
365 3958 393 4012 Β
445 3959 496 4013 546
514 3956 653 4027 decerpta
670 3959 698 4014 B
750 3960 801 4014 547
821 3956 853 4011 ab
872 3957 923 4011 hoc
941 3957 1078 4027 triumpho
1097 3959 1192 4010 causat
1208 3955 1326 4025 exemplo
1345 3955 1397 4009 sibi

259 4043 315 4099 Col.
327 4045 359 4099 ia
370 4062 432 4115 mp,
450 4043 483 4098 ab
500 4045 551 4099 hoc
567 4044 686 4114 exemplo
704 4044 841 4115 triumpho
859 4047 952 4098 causat
968 4045 997 4098 ui
1013 4044 1044 4110 0,
1063 4043 1096 4098 ab
1108 4043 1159 4098 hoc
1171 4041 1289 4113 exemplo
1302 4043 1397 4096 trium-

254 4130 309 4199 pho
327 4134 421 4186 caueae
438 4131 558 4200 exemplo
576 4131 604 4185 ui
621 4133 658 4200 Β,
675 4133 727 4186 hoc
744 4131 777 4186 ab
796 4131 915 4201 exemplo
936 4131 1053 4185 monitus
1072 4133 1165 4185 caueal
1183 4129 1235 4184 sibi
1252 4147 1276 4198 5,
1294 4129 1397 4184 abhoc

256 4217 393 4288 triumpho
411 4222 505 4274 555555
523 4219 641 4289 exemplo
658 4219 731 4274 illius
750 4221 820 4276 coci.
834 4219 1011 4274 Zeolomca'ster
1064 4221 1115 4276 548
1133 4217 1206 4272 adire
1224 4236 1248 4286 5,
1267 4216 1324 4271 diro
1342 4219 1399 4272 ΒΟ

256 4307 307 4361 549
318 4305 484 4375 allophilaB
531 4306 599 4360 mihi
611 4306 746 4376 allophyla
758 4305 854 4360 mulier
867 4308 909 4359 cst
919 4307 1097 4361 chlomcisler
1143 4307 1192 4361 551
1207 4301 1356 4359 forciorlou
1369 4307 1398 4360 Β

256 4395 307 4447 554
325 4392 431 4448 uirilem
448 4411 472 4461 c,
491 4392 568 4447 uirile
579 4395 635 4449 ΒΟ
686 4397 738 4450 556
756 4393 872 4464 spolians
885 4411 908 4460 5,
927 4391 1062 4462 expolians
1074 4392 1129 4448 ΒΟ
1164 4394 1213 4448 557
1232 4407 1357 4462 sampson
1375 4393 1400 4448 0
