3217 4950
579 456 707 496 carmen
725 441 842 506 XXIIII,
856 444 1002 498 767-768.

478 622 511 683 51
533 624 608 685 tunc
632 619 670 684 ab
694 619 807 684 humili
830 620 915 684 celsa
935 617 1174 702 promerebitur,

530 724 602 807 quia
625 726 677 808 qui
700 725 850 808 superbos
874 724 1020 807 deprimit

478 830 614 894 humiles
636 830 750 893 inaltat
772 829 913 912 dansque
936 828 1041 912 paruis
1064 830 1199 912 gratiam

527 934 646 998 resistit
670 933 902 1017 adrogantibus.

477 1038 522 1102 sic
544 1038 597 1102 ille
620 1038 735 1121 Ioseph
758 1042 831 1102 ante
854 1055 970 1121 paruus
992 1037 1094 1101 sactus
1119 1041 1176 1117 est,

529 1148 721 1226 utmagnus
744 1146 839 1223 esset,
862 1147 894 1206 et
916 1142 977 1205 nisi

477 1265 587 1310 seruus
608 1246 731 1328 fuisset,
754 1264 815 1311 non
839 1246 951 1311 fuisset
973 1246 1006 1310 in
1029 1246 1077 1310 sui

528 1351 639 1416 tellure
661 1352 780 1415 seruitii
802 1354 923 1433 potens.

480 1455 534 1519 ubi
557 1454 750 1520 sustinuerat
772 1455 959 1519 seruitutem
983 1459 1014 1519 et
1036 1472 1202 1535 carcerem,

527 1559 572 1624 ibi
593 1578 727 1644 reguum
750 1577 887 1642 opesque
912 1562 1021 1623 nactus
1045 1562 1102 1639 est,

478 1669 509 1729 et
532 1664 715 1730 sustinendo
736 1665 910 1747 iniquitatis
933 1664 1060 1729 clocula

529 1769 650 1833 iustitia
671 1769 756 1851 cepit
776 1768 928 1852 praemia.

479 1872 519 1937 sit
541 1876 573 1936 et
595 1871 646 1937 hic
667 1873 818 1955 probatus
841 1874 977 1956 corporis
1001 1876 1105 1937 custos
1129 1873 1187 1953 sui,

374 1987 434 2042 755
532 1981 568 2042 ut
590 1978 729 2042 claustra
750 1981 858 2041 teneat
880 1978 1020 2041 carceris.

477 2083 504 2146 si
526 2082 607 2147 uitia
628 2082 731 2145 carnis
755 2082 913 2147 strinremt
936 2080 1052 2147 Christi
1074 2084 1172 2162 metu,

525 2188 615 2269 quasi
637 2187 806 2251 uinculatis
830 2186 972 2270 praeerit,

474 2291 605 2373 aliisque
628 2292 738 2356 mundi
759 2308 882 2355 carcere
904 2290 1033 2355 inclusis
1056 2289 1157 2355 adhuc

525 2399 556 2460 et
578 2395 722 2480 adligatis
745 2395 880 2476 saeculo,

370 2508 430 2564 755
475 2505 512 2565 ut
533 2499 612 2565 liber
635 2501 703 2583 ipse
725 2501 851 2582 iamque
874 2499 1060 2564 commissus
1083 2498 1145 2565 eibi

524 2606 676 2690 magIster
698 2610 731 2670 et
752 2609 858 2670 custos
882 2605 948 2668 erit.

474 2727 610 2792 namque
633 2709 686 2774 7115
709 2710 776 2774 iure
799 2709 853 2791 qui
876 2726 966 2773 suam
989 2711 1163 2775 seruauerit

523 2814 656 2879 aliorum
679 2813 777 2879 babet
798 2813 983 2894 custodem,

472 2934 535 2981 non
558 2922 594 2982 ut
616 2917 754 2983 tenebris
776 2935 960 3001 permanere
983 2917 1114 2981 carceris

371 3030 431 3086 750
528 3040 584 3086 seu
606 3022 721 3087 liberos
744 3023 865 3086 uinctos
888 3021 975 3102 celii,

472 3125 529 3190 sed
552 3131 587 3191 ut
607 3133 748 3210 receptos
771 3126 882 3191 doceat
904 3126 1046 3209 exemplo
1068 3143 1123 3192 suo

524 3231 633 3296 mundi
655 3232 774 3296 catenis
798 3231 877 3296 exui.

471 3341 505 3400 et
527 3335 619 3400 facile
641 3335 772 3418 propriis
796 3335 959 3399 absolutus
983 3335 1116 3400 uinculis

523 3441 603 3505 solui
626 3439 750 3505 docebit
771 3439 912 3520 crimine,

369 3551 429 3608 765
475 3543 638 3627 bonusque
661 3545 776 3608 mentis
799 3545 847 3608 uir
869 3543 1059 3628 gubernator
1082 3561 1157 3608 suae

523 3652 554 3713 et
577 3649 708 3714 eclesiae
731 3667 845 3714 nauem
869 3652 965 3732 reget.

471 3771 544 3818 nam
567 3753 722 3836 quomodo
745 3754 799 3818 illc
821 3751 1011 3838 praesidebit
1033 3753 1181 3837 proximis

522 3875 667 3942 praeesse
690 3859 743 3941 qui
764 3859 867 3924 nescit
888 3857 970 3923 sibi?

254 4137 307 4191 738
328 4135 391 4203 quia
412 4151 465 4203 qua
486 4136 514 4190 B
601 4137 652 4191 747
675 4137 703 4189 et
725 4136 833 4204 scripsi,
856 4135 901 4188 sed
920 4134 996 4191 BOv
1065 4137 1116 4190 718
1135 4135 1239 4188 iusticia
1257 4137 1292 4202 B,
1311 4135 1351 4188 iu-

204 4222 365 4277 56175505
426 4221 557 4290 coepitO
621 4224 672 4276 753
691 4222 789 4276 carceri
807 4240 831 4291 o,
849 4222 961 4276 carceris
979 4221 1033 4278 ΒΟ
1090 4224 1140 4277 757
1159 4237 1234 4275 suem
1252 4223 1351 4291 Rosia,

204 4325 260 4364 sna
276 4309 360 4375 Boc,
378 4307 420 4362 eui
436 4311 501 4378 sort.
567 4309 736 4364 seruauerint
752 4311 780 4364 B
833 4310 884 4364 766
903 4308 960 4377 seu]
979 4307 1060 4364 sedo
1111 4307 1208 4363 liberos
1226 4327 1249 4378 v,
1267 4308 1350 4364 libero

202 4397 266 4454 ΒΟ
318 4398 367 4452 761
387 4400 509 4465 receptus
527 4397 553 4450 B
607 4399 658 4452 763
676 4396 790 4450 uiuculis
808 4397 905 4452 caat)
962 4399 1013 4452 766
1030 4395 1154 4450 ecclesiae
1172 4396 1248 4452 BOo
