3217 4950
618 452 747 491 sarman
763 435 823 501 XX,
836 438 982 493 alo-371.

333 614 371 677 ad
394 613 531 678 reditum
552 611 692 695 proferre
714 612 838 696 pedem,
861 630 934 677 oum
956 612 1058 696 prima
1081 610 1208 681 ruberet

332 718 508 802 parturiens
530 734 642 783 aurora
663 717 757 781 diem.
782 718 888 801 tuguri
911 718 977 783 lore
1000 719 1108 799 aperta

251 830 311 887 345
332 822 447 905 hospes
469 822 562 888 homo
585 822 745 907 egreditur
767 825 852 888 teoto
875 825 1048 905 uotumque
1071 838 1161 886 suom
1183 820 1230 885 nir

333 926 484 1010 conspicit
505 930 578 991 ante
600 927 684 992 iores
706 926 849 992 mirando
873 926 997 991 adstare
1019 927 1140 1009 paratu.

332 1034 495 1114 tamquam
518 1033 708 1097 semiesum
731 1031 856 1097 domiuo
879 1031 1059 1114 loqueretur
1081 1028 1189 1095 adesse

334 1139 428 1218 atque
450 1136 602 1201 salutanti
624 1135 736 1201 similis
758 1136 894 1220 uestigia
915 1133 1029 1201 lambit

332 1239 498 1323 gaudentis
521 1240 639 1305 domini
662 1244 694 1306 et
715 1243 809 1325 gestu
831 1239 1020 1325 subgrunnit
1042 1239 1168 1304 alumno

252 1352 312 1407 350
334 1344 469 1409 blandus
491 1348 523 1411 55
544 1345 694 1411 olfaciens
718 1346 866 1411 motando
890 1346 944 1411 dat
966 1345 1071 1410 osoula
1092 1346 1194 1409 rostro

334 1466 429 1531 seque
451 1451 541 1532 quasi
562 1453 671 1515 uotum
694 1449 808 1515 debere
832 1455 982 1535 agnoscat
1005 1449 1090 1529 erile,

332 1554 447 1637 ingerit
469 1557 500 1620 55
522 1554 628 1619 tardos
650 1555 763 1620 1551555
784 1559 911 1638 gutture
934 1554 1060 1619 cultros.

333 1675 394 1740 quo
416 1658 504 1739 duee,
527 1676 653 1741 quaeso,
675 1659 744 1723 uias
766 1660 881 1742 ignotis
904 1658 1019 1725 finibus
1043 1658 1107 1742 ogit

334 1779 452 1843 quosue
474 1761 580 1845 pedes,
603 1766 671 1827 tam
692 1764 786 1848 longe
808 1767 844 1828 ut
866 1767 973 1848 posset
994 1780 1128 1844 currere,
1151 1761 1295 1845 sumpsit,

252 1872 312 1929 355
334 1866 386 1947 qui
408 1865 556 1932 breuibus
579 1867 690 1950 spatiis
712 1868 745 1932 in
767 1868 869 1951 primo
892 1866 954 1933 line
978 1867 1102 1932 uiarum

334 1970 449 2035 defecit
469 1969 582 2036 fluidae
604 1972 770 2055 depressus
793 1973 876 2038 mole
899 1972 1050 2057 saginae?

334 2079 417 2140 55555
440 2076 528 2141 nulla
548 2092 662 2141 manus
684 2082 810 2143 tautam
833 2094 929 2161 peous
953 2094 1067 2162 aggere
1090 2077 1183 2161 longo

334 2198 392 2243 neo
414 2179 501 2245 sinus
524 2180 650 2247 adussit
672 2200 730 2246 neo
752 2200 843 2247 mens
866 2200 924 2247 sua
946 2185 1012 2247 tam
1036 2180 1205 2266 spatiosam

333 2283 440 2369 ignota
462 2286 589 2370 regione
611 2286 697 2352 uiam
720 2290 885 2371 penetrare
908 2286 1043 2371 subegit,

252 2397 313 2453 300
334 2388 457 2472 quando
479 2389 622 2455 homines
646 2391 741 2456 etiam
764 2395 797 2457 et
819 2392 935 2457 mentis
958 2391 1079 2457 ratione
1102 2390 1247 2476 uigentes

333 2513 449 2578 perque
472 2496 580 2579 ignota
601 2496 668 2581 regi
689 2497 798 2562 iaoiles
821 2498 992 2579 interprete
1014 2497 1132 2580 lingue,

334 2600 360 2662 si
380 2603 488 2664 tamen
510 2599 544 2664 hi
567 2591 694 2664 55555555
716 2601 804 2682 duee,
828 2619 889 2684 quo
913 2601 964 2666 uia
986 2601 1091 2666 luceat
1111 2600 1184 2681 illis,

333 2721 443 2768 055555
465 2704 498 2767 in
521 2705 656 2769 externis
680 2704 860 2789 regionibns
883 2705 1015 2790 inplioat
1037 2722 1130 2770 error.

334 2809 479 2892 quisnam
500 2810 596 2894 igitur
619 2811 732 2876 direxit
753 2811 814 2876 iter
837 2812 924 2877 suis?
947 2811 1030 2876 unde
1053 2812 1209 2894 uoluntas,

250 2920 312 2976 365
334 2933 395 2996 qua
417 2913 561 2980 dominos
584 2921 777 2998 sequeretur,
801 2917 831 2980 51
853 2917 904 2982 uel
928 2935 1050 2997 sensus,
1073 2921 1109 2981 ut
1131 2920 1214 2982 esset

333 3020 475 3086 oonsoius
497 3019 536 3086 ad
559 3025 669 3086 uotum
692 3041 725 3086 se
748 3022 843 3106 longa
866 3025 968 3088 555555
990 3025 1157 3106 paratum?

334 3125 417 3189 uude
439 3125 518 3190 liaeo
540 3143 614 3190 eura
636 3125 695 3191 fait
719 3127 833 3210 peoori,
857 3143 937 3209 quae
959 3144 1031 3192 rara
1052 3127 1159 3192 fideles

334 3228 457 3310 excitat,
480 3232 527 3311 ut,
549 3233 713 3312 tamqnam
736 3231 859 3315 proprio
882 3230 1047 3314 culpabilis
1071 3236 1143 3298 astu

333 3334 422 3418 pigra
444 3335 658 3417 remansisset,
681 3339 789 3400 saneto
813 3354 866 3400 sus
890 3335 953 3402 iota
974 3337 1087 3402 timore

250 3446 314 3502 330
336 3441 529 3504 oontraotam
551 3441 742 3506 remanendo
765 3439 826 3504 sibi
849 3441 1000 3506 ueniendo
1023 3442 1108 3524 piare

334 3547 458 3608 5555555
480 3544 606 3628 eulpam
629 3548 662 3609 55
683 3545 798 3610 uitium
820 3549 967 3628 pensaret
989 3545 1099 3612 inertis

275 3786 327 3840 344
348 3783 423 3838 forse
445 3788 467 3863 lt
484 3785 564 3854 5555.)
581 3786 617 3854 A,
642 3785 712 3840 forte
730 3788 806 3843 Mar.
878 3785 964 3857 aperti
989 3788 1066 3843 Matr.
1138 3789 1189 3844 346
1213 3791 1313 3842 asstare
1334 3789 1372 3856 D,

228 3874 317 3925 astare
340 3871 370 3926 A
427 3873 478 3928 347
503 3871 628 3942 missum]
647 3889 663 3926 5
680 3873 790 3928 adala
849 3875 901 3930 349
920 3872 1065 3943 subgrunnit
1082 3878 1109 3930 A
1175 3877 1224 3932 351
1244 3874 1327 3930 herile
1345 3877 1375 3930 E

227 3960 282 4015 354
300 3957 487 4026 quodsueAD
539 3958 625 4029 possit
636 3959 695 4016 AD
745 3978 786 4016 aa.
799 3962 851 4017 355
869 3963 900 4014 ia
918 3979 969 4030 arg.
988 3963 1119 4031 dessidere
1137 3963 1201 4018 add.
1220 3969 1245 4018 55
1262 3968 1293 4017 ot
1310 3969 1373 4018 eote

227 4045 467 4102 aesimedes
478 4046 623 4101 notoath
667 4063 707 4102 aa.
721 4047 771 4103 355
781 4053 847 4116 post
859 4049 910 4102 356
918 4049 1040 4118 poaitld
1084 4047 1216 4117 spsoiisA
1263 4049 1315 4104 356
1327 4046 1373 4101 de-

226 4132 553 4202 prosonomasia.
605 4134 657 4188 359
669 4133 756 4201 ooegit
767 4135 874 4189 mauult
887 4135 961 4190 Mar.
1014 4136 1063 4189 361
1077 4134 1157 4188 reiE
1207 4136 1258 4190 362
1271 4151 1323 4204 quo
1336 4136 1372 4200 E,

227 4217 303 4289 quod
313 4219 371 4273 AD
423 4218 649 4286 tlddsxternisE,
668 4219 793 4273 extremis
806 4221 864 4275 AD
921 4223 973 4277 366
990 4224 1114 4290 paratum
1127 4221 1194 4289 AD,
1212 4223 1375 4276 ooaotumE

226 4309 325 4364 368ut
342 4323 393 4363 om.
406 4308 434 4361 A
486 4310 547 4360 5555
560 4305 597 4373 Ε,
615 4309 676 4360 astu
689 4308 726 4370 D,
744 4312 806 4361 aotu
823 4307 966 4362 5551551555
984 4310 1084 4362 astuA
1137 4309 1188 4363 369
1207 4323 1251 4360 sus
1269 4307 1323 4362 iota
1334 4309 1371 4374 D,

226 4393 331 4448 suscita
346 4395 383 4462 A,
401 4391 520 4448 subiecta
537 4393 573 4461 A,
592 4392 680 4446 515555
697 4394 773 4448 Mar.
826 4394 982 4464 adoptaret
1033 4395 1084 4450 371
1103 4409 1194 4448 curare
1212 4395 1270 4450 AD
