3217 4950
608 445 634 498 S.
647 444 780 498 Paulini
799 443 919 498 Nolani
938 443 1084 513 episcopi

377 621 488 704 digerit
510 619 679 702 aucupium
701 618 831 693 tubalia
855 622 887 682 et
908 617 1027 703 primus
1051 618 1162 702 opimis

377 727 451 791 ordo
473 726 553 791 nitet
575 725 692 790 sensim
714 728 862 789 tenuatus
885 725 924 788 ad
947 725 1011 788 ima
1032 723 1175 788 tabellae.

377 835 413 894 ut
435 831 538 894 minus
561 829 699 895 offendat
721 829 848 910 macies,
871 829 1011 913 praelata
1033 829 1163 912 saginae

377 935 478 1018 gratia
499 937 686 1018 praeuentos
709 934 817 1018 pingui
839 931 927 997 iuuat
950 933 1023 997 alite
1045 934 1142 998 uisus.

823 1123 865 1190 Π.

377 1265 527 1348 Pauperis
550 1268 585 1329 ut
606 1265 730 1348 placeat
752 1281 861 1328 carum
883 1263 940 1328 tibi
963 1281 1077 1328 munus
1101 1263 1204 1344 amici,

379 1388 510 1436 munera
532 1389 570 1435 ne
592 1372 821 1453 reputes-quae
844 1368 946 1434 mittis
967 1369 1043 1434 ditia
1065 1369 1165 1434 nobie.

378 1493 452 1542 nam
476 1475 536 1541 tibi
558 1475 632 1558 quid
656 1475 786 1559 dignum
809 1473 944 1539 referam
966 1467 1021 1557 p'ro
1043 1473 1182 1558 piscibus
1205 1474 1278 1555 illis,

378 1598 455 1663 quos
478 1579 536 1645 tibi
557 1579 866 1661 uicinumtooupleti
888 1580 1012 1663 gurgite
1034 1579 1108 1643 litus

337 1692 355 1748 b
379 1684 559 1768 suppeditat
582 1683 676 1748 miros
694 1683 801 1767 specis
824 1683 985 1765 formaque
1008 1683 1187 1766 diremptos.

379 1791 412 1853 at
434 1789 512 1852 mihi
535 1788 587 1852 uix
610 1787 673 1852 alto
697 1788 778 1852 uada
800 1806 856 1871 per
879 1805 990 1851 saxosa
1010 1787 1163 1870 profundo

378 1911 467 1957 rarus
490 1893 522 1956 in
545 1891 678 1957 obscura
700 1895 868 1975 generatur
891 1891 1083 1974 sphondylus
1107 1891 1188 1974 alga.

379 1996 451 2062 hino
474 1999 506 2061 te
528 1996 718 2079 participans
740 1995 789 2060 bis
814 1995 952 2079 quinque
975 1994 1078 2060 ethis
1101 1995 1158 2060 tibi
1179 1999 1286 2060 ternas

380 2101 540 2166 transmisi
564 2118 714 2184 aequoreo
737 2100 912 2166 redolentes
935 2103 1061 2164 nectare
1084 2103 1193 2180 testas,

319 2215 358 2271 10
381 2225 459 2289 quas
483 2205 588 2271 uiscus
611 2205 775 2289 praedulce
798 2205 899 2288 replet
919 2203 1055 2270 bicolore
1078 2205 1224 2269 medulla.

380 2329 433 2375 oro
455 2310 557 2376 libens
580 2328 686 2374 sumas
709 2328 767 2374 uec
789 2308 868 2374 uilia
888 2309 1075 2393 dedigneris,

381 2433 459 2499 quae
482 2418 556 2481 sunt
577 2431 676 2499 pama
698 2413 789 2481 modo
813 2431 927 2499 magno
950 2413 1080 2479 metitus
1103 2431 1218 2479 amore.

816 2606 874 2671 ΙΠ.

380 2746 599 2830 Europamque
621 2745 804 2828 Asiamque,
827 2741 889 2810 'duo
911 2746 963 2810 nel
986 2746 1122 2809 maxima
1144 2749 1245 2809 terrae

383 2850 534 2931 membra,
558 2850 670 2932 quibus
693 2849 825 2933 Libyam
848 2850 939 2915 dnbio
963 2848 1128 2915 Sallustius
1151 2849 1236 2913 addit

382 2956 524 3039 Europae
548 2955 736 3034 adiunctam,
759 2955 861 3039 possit
883 2973 954 3018 cum
977 2955 1069 3018 tertia
1091 2954 1162 3033 dici,

382 3062 528 3143 regnatas
552 3058 669 3138 multis,
694 3075 771 3139 qnos
794 3058 880 3122 fama
902 3056 1064 3122 oblitterat
1086 3062 1117 3121 et
1140 3076 1217 3140 quos

343 3173 360 3225 5
383 3162 517 3227 barbara
538 3162 699 3227 Romanae
722 3180 783 3226 non
808 3162 936 3227 tradunt
958 3162 1086 3226 nomina
1107 3162 1244 3245 linguae,

382 3268 551 3331 illibanum
571 3266 802 3349 Numidamque
821 3266 949 3331 Auclim
968 3266 1181 3348 Parthumque
1200 3266 1364 3330 Vononem

385 3376 417 3435 ot
440 3371 606 3451 Garanum,
629 3370 756 3435 Pellaea
778 3370 865 3435 dedit
887 3370 941 3453 qni
964 3370 1094 3434 nomina
1114 3388 1236 3453 regum,

385 3475 498 3559 quique
521 3492 629 3558 magos
654 3474 758 3539 docuit
780 3474 930 3558 mysteria
952 3490 1035 3537 uana
1056 3472 1248 3557 Nechepsos,

322 3699 344 3753 1.
364 3728 395 3737 -
415 3702 431 3754 8
449 3697 569 3769 praelata
586 3700 612 3754 V
661 3701 677 3753 9
695 3698 897 3769 praeuentosV
946 3696 1064 3752 iubatV

322 3784 359 3839 II.
382 3786 412 3840 V.
432 3814 464 3823 -
482 3784 552 3839 Item
577 3784 630 3839 alia
653 3784 687 3838 ad
712 3800 792 3853 quem
816 3801 895 3854 super
917 3785 943 3839 V
1008 3786 1025 3839 2
1052 3799 1119 3855 quae
1140 3785 1166 3839 V
1228 3788 1244 3840 5
1271 3784 1340 3837 mira
1356 3784 1419 3839 Vin.

251 3877 254 3885 '
280 3871 397 3941 direptos
415 3872 444 3940 V,
462 3888 511 3927 em.
526 3872 586 3927 Vin.
645 3870 745 3941 talto]
765 3874 825 3925 acto
844 3874 932 3927 Sclrot.
991 3869 1152 3925 ‘lsfondilns
1168 3872 1200 3939 V,
1218 3870 1340 3925 funditus
1356 3871 1420 3925 vus.

281 3962 314 4015 10
331 3957 473 4030 praedulce
490 3960 516 4014 V
568 3960 600 4015 12
619 3958 729 4012 modum
748 3958 870 4029 Scaliger
1386 4010 1391 4013 .

323 4043 373 4100 III.
388 4074 420 4083 -
433 4046 496 4102 Hoc
507 4046 688 4115 fragmentum
706 4063 767 4100 cum
783 4046 857 4100 uotis
874 4063 907 4100 ex
918 4047 1038 4101 Arasouii
1055 4045 1219 4100 editionibus
1232 4045 1383 4100 Soboubclir'
1394 4050 1422 4099 et

280 4132 391 4202 Petperi
411 4138 546 4202 receptum
568 4139 605 4187 est
652 4135 668 4187 2
689 4130 789 4200 lybiam
810 4132 970 4199 Tullianus)
987 4132 1279 4201 mammemque)
1325 4133 1421 4199 Spes-

281 4222 321 4272 sst
345 4220 370 4274 T
435 4221 452 4272 4
470 4217 652 4287 ohlioteratl',
670 4217 845 4273 obliteratM
910 4220 1076 4273 buonouem
1094 4219 1131 4273 M
1191 4218 1426 4274 amissarum

280 4304 434 4374 Nechepsus
451 4305 521 4372 Vin„
543 4304 676 4374 mechepsi
695 4306 725 4373 Τ,
748 4304 869 4374 nethepsi
885 4305 971 4361 Votis.
984 4310 1062 4372 1611,
1086 4304 1209 4374 nechepsi
1227 4311 1273 4360 oet.
1292 4305 1354 4361 edu.
1370 4305 1421 4360 Ve-

280 4398 331 4448 uct.
345 4410 371 4447 u.
383 4395 460 4460 1472,
478 4390 630 4461 Nechepsos
648 4392 760 4448 Plinius
