3217 4950
592 432 619 486 S.
631 430 767 485 Paulini
784 429 904 485 Nolani
922 428 1067 500 episcopi

412 616 473 672 225
519 626 593 673 uam
616 606 696 673 liber
718 606 822 688 undis,
844 606 928 671 intra
949 623 1036 670 mare
1057 603 1116 690 (et)
1139 609 1224 670 exter
1246 605 1351 686 maris,

567 714 656 777 natat
677 712 711 777 in
733 714 863 776 natante
886 710 990 791 belua,

516 817 704 899 claususque
734 812 952 901 quam<quam>
981 832 1107 899 corpore
1138 814 1203 880 erit
1232 815 1271 880 ad
1301 814 1397 879 deum

567 922 678 987 uolans
699 921 853 1005 propheta
875 920 995 1002 spiritu.

516 1045 629 1110 cerpus
651 1030 775 1090 tenetur
797 1042 936 1107 corpore,
959 1028 993 1089 at
1013 1024 1130 1089 mentis
1153 1024 1262 1108 fugam

410 1138 473 1195 230
569 1136 693 1196 terrena
714 1130 820 1195 uincla
841 1146 905 1194 non
927 1132 1046 1195 tenent.

515 1236 656 1301 inclusus
678 1236 750 1300 aluo
773 1252 931 1300 carcerem
953 1234 1073 1318 rumpit
1094 1252 1185 1319 prece

567 1359 720 1424 auresque
742 1341 892 1424 pertingit
918 1340 982 1415 dei3

516 1447 649 1512 orationi
670 1445 750 1510 liber
774 1450 806 1509 et
827 1446 951 1509 uinctus
974 1444 1067 1528 fugae

567 1549 628 1613 fide
650 1568 708 1613 sua
730 1568 800 1614 sese
827 1549 938 1632 arguit

412 1662 473 1717 235
519 1654 671 1736 namqui
692 1656 820 1737 putarat
841 1670 897 1737 per
920 1670 1006 1717 mare
1030 1652 1120 1717 suedi
1144 1652 1236 1717 deum

568 1761 601 1822 et
623 1775 704 1822 nane
727 1758 822 1822 celari
844 1757 911 1838 deo,

515 1881 599 1927 nunc
620 1863 681 1927 iste
704 1867 736 1927 et
757 1863 841 1927 intra
862 1862 989 1927 beluam
1012 1879 1149 1927 mersam
1171 1862 1251 1926 mari

567 1967 677 2031 adesse
700 1966 808 2031 credat
830 1965 993 2031 arbitrum.

517 2072 581 2136 iam
604 2089 655 2135 me
677 2072 794 2136 referre
816 2069 927 2135 flexilis
949 2070 1039 2135 uerbi
1062 2070 1174 2154 pedem

414 2184 476 2238 240
573 2178 696 2259 oportet
718 2176 758 2239 od
779 2174 881 2239 Ionan
907 2192 1023 2255 meum,

518 2298 612 2362 quem
636 2298 721 2345 more
744 2281 824 2345 coeti
847 2279 960 2345 cumba
983 2280 1120 2363 suscepit
1146 2297 1242 2363 capax

569 2388 720 2467 uteroque
743 2386 925 2450 conclusum
950 2402 1006 2451 suo

517 2492 602 2554 uexit
624 2494 813 2555 trementem
835 2491 948 2574 frigore
971 2495 1003 2554 et
1025 2489 1191 2554 tormidine

569 2595 756 2677 saluumqne
777 2599 879 2660 terrae
901 2595 1044 2660 reddidit.

412 2707 474 2762 245
518 2700 635 2764 mirum
656 2705 798 2764 renarrat
820 2719 854 2764 se
876 2718 932 2784 per
955 2700 1032 2764 illud
1054 2701 1213 2782 temporis,

569 2822 642 2868 cum
664 2823 769 2888 puppe
791 2821 942 2888 praeceps
965 2804 1063 2868 ardua

518 2909 634 2973 saliens
657 2908 690 2973 in
713 2909 801 2973 illam
825 2909 992 2974 decidisset
1014 2909 1181 2974 nauculam

569 3029 667 3095 eoque
689 3014 830 3078 uenisset
851 3014 921 3093 loci,

519 3135 579 3199 qno
602 3117 717 3181 cumba
739 3118 874 3182 multam
898 3119 1029 3182 duxerat
1050 3117 1139 3182 rimis
1162 3135 1275 3200 aquam

413 3229 476 3285 250
572 3222 674 3286 olente
698 3223 841 3286 sentinae
863 3222 943 3302 lacu,

517 3326 627 3390 statim
649 3325 776 3391 iouente
798 3326 928 3409 frigidos
951 3329 1037 3390 artus
1062 3325 1119 3389 deo

569 3431 670 3513 quiete
693 3431 833 3513 sopitum
855 3449 944 3496 sacre

518 3534 700 3618 nudumque
728 3539 761 3600 et
786 3535 895 3616 ndum,
922 3534 1031 3618 iugero
1053 3553 1133 3618 quae
1156 3553 1284 3600 somnus
1308 3535 1400 3616 solet,

569 3639 720 3704 dormisse
743 3642 824 3705 lecte
848 3639 983 3720 mollius,

414 3751 475 3805 255
522 3743 683 3827 spatioque
706 3747 782 3824 toto,
806 3762 865 3827 quo
887 3745 1004 3809 relatus
1027 3744 1110 3810 litori
1134 3748 1192 3825 est,

570 3864 680 3912 somno
703 3849 801 3913 fuisse
824 3848 975 3930 deditum,

301 4038 353 4092 225
371 4037 450 4092 steri.
465 4038 563 4106 Sciret,
576 4055 626 4093 occ.
640 4036 714 4094 B0o
765 4040 817 4094 227
835 4053 997 4107 quamquam
1016 4056 1038 4105 o,
1057 4053 1137 4106 quam
1148 4036 1204 4093 ΒΟ
1256 4039 1307 4093 229
1325 4036 1360 4092 ud
1373 4039 1401 4094 Β

258 4123 352 4192 iugum
370 4125 469 4191 Reum,
487 4123 554 4192 sugo
569 4125 646 4180 BOo
706 4127 758 4182 235
777 4124 870 4180 euadit
886 4127 913 4182 Β
978 4127 1030 4182 238
1048 4123 1133 4180 credit
1150 4125 1403 4182 oooa'Zectmcietcr

259 4213 311 4268 299
328 4211 419 4266 rodem
436 4212 464 4267 Β
521 4214 573 4268 240
590 4212 654 4266 iona
671 4215 697 4268 Β
753 4216 803 4269 241
825 4213 875 4268 ceti
893 4215 922 4269 B
979 4215 1030 4270 245
1049 4229 1153 4282 semper
1169 4215 1199 4268 Β
1253 4215 1304 4269 247
1323 4213 1401 4267 nani·

260 4297 349 4352 culam
367 4299 395 4354 Β
446 4301 498 4354 249
516 4299 597 4354 remis
615 4301 644 4355 Β
696 4303 747 4357 253
766 4316 845 4369 quem
861 4301 925 4369 fort.
979 4302 1030 4356 254
1049 4299 1204 4356 dormireO
1255 4297 1363 4354 mollius
1376 4319 1401 4368 v,

260 4383 386 4439 mollibus
404 4387 459 4441 ΒΟ
511 4389 562 4443 255
581 4402 631 4455 que
649 4387 678 4441 Β
728 4387 815 4442 littori
833 4389 861 4442 Β
