<?xml version="1.0" encoding="UTF-8"?>
<!DOCTYPE html PUBLIC "-//W3C//DTD XHTML 1.0 Transitional//EN"
    "http://www.w3.org/TR/xhtml1/DTD/xhtml1-transitional.dtd">
<html xmlns="http://www.w3.org/1999/xhtml" xml:lang="en" lang="en">
 <head>
  <title>
</title>
<meta http-equiv="Content-Type" content="text/html;charset=utf-8" />
  <meta name='ocr-system' content='tesseract 3.04.00' />
  <meta name='ocr-capabilities' content='ocr_page ocr_carea ocr_par ocr_line ocrx_word'/>
</head>
<body>
  <div class='ocr_page' id='page_1' title='image "./corpusscriptoru25wiengoog_0213.png"; bbox 0 0 3217 4950; ppageno 0'>
   <div class='ocr_carea' id='block_1_1' title="bbox 600 454 979 521">
    <p class='ocr_par' dir='ltr' id='par_1_1' title="bbox 600 454 979 521">
     <span class='ocr_line' id='line_1_1' title="bbox 600 454 979 521; baseline 0.005 -12"><span class='ocrx_word' id='word_1_1' title='bbox 600 472 728 509; x_wconf 85' lang='lat' dir='ltr'><strong>carmen</strong></span> <span class='ocrx_word' id='word_1_2' title='bbox 745 454 818 521; x_wconf 85' lang='lat' dir='ltr'>XXI,</span> <span class='ocrx_word' id='word_1_3' title='bbox 835 459 979 513; x_wconf 78' lang='lat' dir='ltr'><strong>lot-171.</strong></span> 
     </span>
    </p>
   </div>
   <div class='ocr_carea' id='block_1_2' title="bbox 344 632 1215 4056">
    <p class='ocr_par' dir='ltr' id='par_1_2' title="bbox 344 632 1215 4056">
     <span class='ocr_line' id='line_1_2' title="bbox 428 632 1020 715; baseline 0 -19"><span class='ocrx_word' id='word_1_4' title='bbox 428 649 484 696; x_wconf 89' lang='lat' dir='ltr'><strong>seu</strong></span> <span class='ocrx_word' id='word_1_5' title='bbox 506 632 695 697; x_wconf 88' lang='lat' dir='ltr'><strong>oonseeratis</strong></span> <span class='ocrx_word' id='word_1_6' title='bbox 717 633 862 715; x_wconf 80' lang='lat' dir='ltr'><strong>passione</strong></span> <span class='ocrx_word' id='word_1_7' title='bbox 885 632 1020 697; x_wconf 88' lang='lat' dir='ltr'><strong>testibus</strong></span> 
     </span>
     <span class='ocr_line' id='line_1_3' title="bbox 347 734 1095 819; baseline 0.003 -21"><span class='ocrx_word' id='word_1_8' title='bbox 347 745 407 799; x_wconf 79' lang='lat'><strong>140</strong></span> <span class='ocrx_word' id='word_1_9' title='bbox 431 736 497 801; x_wconf 92' lang='lat' dir='ltr'><strong>dies</strong></span> <span class='ocrx_word' id='word_1_10' title='bbox 520 740 669 816; x_wconf 80' lang='lat' dir='ltr'><strong>sacratos,</strong></span> <span class='ocrx_word' id='word_1_11' title='bbox 692 737 725 800; x_wconf 92' lang='lat' dir='ltr'><strong>in</strong></span> <span class='ocrx_word' id='word_1_12' title='bbox 748 734 864 819; x_wconf 89' lang='lat' dir='ltr'><strong>quibus</strong></span> <span class='ocrx_word' id='word_1_13' title='bbox 888 737 988 802; x_wconf 82' lang='lat' dir='ltr'><strong>iuneti</strong></span> <span class='ocrx_word' id='word_1_14' title='bbox 1011 737 1095 801; x_wconf 89' lang='lat' dir='ltr'><strong>diem</strong></span> 
     </span>
     <span class='ocr_line' id='line_1_4' title="bbox 427 841 1013 907; baseline 0 -2"><span class='ocrx_word' id='word_1_15' title='bbox 427 841 568 906; x_wconf 89' lang='lat' dir='ltr'><strong>mortalis</strong></span> <span class='ocrx_word' id='word_1_16' title='bbox 591 842 661 905; x_wconf 85' lang='lat' dir='ltr'><strong>aeui</strong></span> <span class='ocrx_word' id='word_1_17' title='bbox 684 844 784 906; x_wconf 91' lang='lat' dir='ltr'><strong>morte</strong></span> <span class='ocrx_word' id='word_1_18' title='bbox 808 842 897 906; x_wconf 85' lang='lat' dir='ltr'><strong>uitali</strong></span> <span class='ocrx_word' id='word_1_19' title='bbox 920 860 1013 907; x_wconf 88' lang='lat' dir='ltr'><strong>suum</strong></span> 
     </span>
     <span class='ocr_line' id='line_1_5' title="bbox 430 944 1215 1028; baseline 0 -19"><span class='ocrx_word' id='word_1_20' title='bbox 430 944 467 1009; x_wconf 89' lang='lat' dir='ltr'><strong>de</strong></span> <span class='ocrx_word' id='word_1_21' title='bbox 490 945 562 1010; x_wconf 87' lang='lat' dir='ltr'><strong>labe</strong></span> <span class='ocrx_word' id='word_1_22' title='bbox 584 946 693 1010; x_wconf 90' lang='lat' dir='ltr'><strong>mundi</strong></span> <span class='ocrx_word' id='word_1_23' title='bbox 715 947 911 1011; x_wconf 88' lang='lat' dir='ltr'><strong>transierunt</strong></span> <span class='ocrx_word' id='word_1_24' title='bbox 932 946 972 1010; x_wconf 89' lang='lat' dir='ltr'><strong>ad</strong></span> <span class='ocrx_word' id='word_1_25' title='bbox 995 947 1098 1028; x_wconf 88' lang='lat' dir='ltr'><strong>doum,</strong></span> <span class='ocrx_word' id='word_1_26' title='bbox 1212 975 1215 981; x_wconf 34' lang='lat' dir='ltr'>v</span> 
     </span>
     <span class='ocr_line' id='line_1_6' title="bbox 427 1050 1038 1134; baseline 0.002 -20"><span class='ocrx_word' id='word_1_27' title='bbox 427 1051 534 1133; x_wconf 86' lang='lat' dir='ltr'><strong>populi</strong></span> <span class='ocrx_word' id='word_1_28' title='bbox 555 1050 663 1115; x_wconf 87' lang='lat' dir='ltr'><strong>fideles</strong></span> <span class='ocrx_word' id='word_1_29' title='bbox 686 1051 809 1134; x_wconf 83' lang='lat' dir='ltr'><strong>gaudiis</strong></span> <span class='ocrx_word' id='word_1_30' title='bbox 834 1050 1038 1116; x_wconf 81' lang='lat' dir='ltr'>sollemnibus</span> 
     </span>
     <span class='ocr_line' id='line_1_7' title="bbox 426 1154 1080 1239; baseline 0.002 -21"><span class='ocrx_word' id='word_1_31' title='bbox 426 1155 544 1220; x_wconf 90' lang='lat' dir='ltr'><strong>honore</strong></span> <span class='ocrx_word' id='word_1_32' title='bbox 567 1154 683 1220; x_wconf 82' lang='grc'><strong>01151551</strong></span> <span class='ocrx_word' id='word_1_33' title='bbox 704 1156 901 1239; x_wconf 73' lang='lat' dir='ltr'>gratulantes</span> <span class='ocrx_word' id='word_1_34' title='bbox 925 1156 1080 1236; x_wconf 85' lang='grc'><strong>51551555,</strong></span> 
     </span>
     <span class='ocr_line' id='line_1_8' title="bbox 345 1259 1006 1343; baseline 0.002 -21"><span class='ocrx_word' id='word_1_35' title='bbox 345 1268 407 1323; x_wconf 84' lang='grc'><strong>145</strong></span> <span class='ocrx_word' id='word_1_36' title='bbox 430 1263 465 1323; x_wconf 93' lang='lat' dir='ltr'><strong>ut</strong></span> <span class='ocrx_word' id='word_1_37' title='bbox 486 1260 546 1324; x_wconf 90' lang='grc'><strong>1555</strong></span> <span class='ocrx_word' id='word_1_38' title='bbox 570 1260 671 1324; x_wconf 88' lang='lat' dir='ltr'><strong>saneti</strong></span> <span class='ocrx_word' id='word_1_39' title='bbox 694 1276 770 1343; x_wconf 85' lang='lat' dir='ltr'><strong>paee</strong></span> <span class='ocrx_word' id='word_1_40' title='bbox 793 1259 906 1324; x_wconf 81' lang='lat' dir='ltr'><strong>Feliois</strong></span> <span class='ocrx_word' id='word_1_41' title='bbox 931 1260 1006 1340; x_wconf 88' lang='lat' dir='ltr'><strong>dies,</strong></span> 
     </span>
     <span class='ocr_line' id='line_1_9' title="bbox 429 1363 1134 1448; baseline 0 -21"><span class='ocrx_word' id='word_1_42' title='bbox 429 1382 489 1446; x_wconf 87' lang='lat' dir='ltr'><strong>quo</strong></span> <span class='ocrx_word' id='word_1_43' title='bbox 512 1363 624 1428; x_wconf 89' lang='lat' dir='ltr'><strong>elausit</strong></span> <span class='ocrx_word' id='word_1_44' title='bbox 646 1364 723 1428; x_wconf 93' lang='lat' dir='ltr'><strong>olim</strong></span> <span class='ocrx_word' id='word_1_45' title='bbox 746 1364 883 1448; x_wconf 90' lang='lat' dir='ltr'><strong>eorporis</strong></span> <span class='ocrx_word' id='word_1_46' title='bbox 906 1365 1006 1429; x_wconf 87' lang='lat' dir='ltr'><strong>uitem</strong></span> <span class='ocrx_word' id='word_1_47' title='bbox 1029 1382 1134 1444; x_wconf 84' lang='lat' dir='ltr'><strong>senen,</strong></span> 
     </span>
     <span class='ocr_line' id='line_1_10' title="bbox 426 1467 1030 1552; baseline 0.002 -20"><span class='ocrx_word' id='word_1_48' title='bbox 426 1467 631 1533; x_wconf 79' lang='lat' dir='ltr'><strong>confessionis</strong></span> <span class='ocrx_word' id='word_1_49' title='bbox 654 1471 729 1532; x_wconf 87' lang='lat' dir='ltr'><strong>ante</strong></span> <span class='ocrx_word' id='word_1_50' title='bbox 751 1468 879 1542; x_wconf 83' lang='grc'><strong>15155555</strong></span> <span class='ocrx_word' id='word_1_51' title='bbox 903 1469 1030 1552; x_wconf 89' lang='lat' dir='ltr'><strong>proelia,</strong></span> 
     </span>
     <span class='ocr_line' id='line_1_11' title="bbox 426 1572 1006 1653; baseline -0.002 -16"><span class='ocrx_word' id='word_1_52' title='bbox 426 1572 481 1637; x_wconf 89' lang='lat' dir='ltr'><strong>sed</strong></span> <span class='ocrx_word' id='word_1_53' title='bbox 503 1572 666 1637; x_wconf 84' lang='lat' dir='ltr'><strong>incruento</strong></span> <span class='ocrx_word' id='word_1_54' title='bbox 688 1576 889 1637; x_wconf 89' lang='lat' dir='ltr'><strong>oonseoratue</strong></span> <span class='ocrx_word' id='word_1_55' title='bbox 912 1572 1006 1653; x_wconf 84' lang='lat' dir='ltr'><strong>exitu,</strong></span> 
     </span>
     <span class='ocr_line' id='line_1_12' title="bbox 426 1675 1118 1760; baseline 0 -19"><span class='ocrx_word' id='word_1_56' title='bbox 426 1680 498 1759; x_wconf 88' lang='lat' dir='ltr'><strong>post</strong></span> <span class='ocrx_word' id='word_1_57' title='bbox 519 1675 604 1741; x_wconf 92' lang='lat' dir='ltr'><strong>bella</strong></span> <span class='ocrx_word' id='word_1_58' title='bbox 624 1676 726 1740; x_wconf 83' lang='lat' dir='ltr'><strong>uiator</strong></span> <span class='ocrx_word' id='word_1_59' title='bbox 747 1677 834 1760; x_wconf 81' lang='lat' dir='ltr'>pacis</span> <span class='ocrx_word' id='word_1_60' title='bbox 859 1677 1044 1760; x_wconf 80' lang='lat' dir='ltr'><strong>adsumptus</strong></span> <span class='ocrx_word' id='word_1_61' title='bbox 1068 1676 1118 1741; x_wconf 92' lang='lat' dir='ltr'><strong>die</strong></span> 
     </span>
     <span class='ocr_line' id='line_1_13' title="bbox 345 1780 1145 1862; baseline 0.001 -18"><span class='ocrx_word' id='word_1_62' title='bbox 345 1790 404 1845; x_wconf 98' lang='grc'><strong>150</strong></span> <span class='ocrx_word' id='word_1_63' title='bbox 427 1784 560 1845; x_wconf 87' lang='lat' dir='ltr'><strong>uosaute</strong></span> <span class='ocrx_word' id='word_1_64' title='bbox 583 1780 709 1847; x_wconf 79' lang='lat' dir='ltr'><strong>Christo</strong></span> <span class='ocrx_word' id='word_1_65' title='bbox 730 1781 824 1862; x_wconf 81' lang='lat' dir='ltr'><strong>liquit</strong></span> <span class='ocrx_word' id='word_1_66' title='bbox 847 1781 989 1845; x_wconf 82' lang='lat' dir='ltr'><strong>exultans</strong></span> <span class='ocrx_word' id='word_1_67' title='bbox 1012 1782 1145 1845; x_wconf 88' lang='lat' dir='ltr'><strong>humum</strong></span> 
     </span>
     <span class='ocr_line' id='line_1_14' title="bbox 428 1885 1120 1967; baseline 0.003 -18"><span class='ocrx_word' id='word_1_68' title='bbox 428 1890 460 1950; x_wconf 91' lang='lat' dir='ltr'><strong>et</strong></span> <span class='ocrx_word' id='word_1_69' title='bbox 481 1886 514 1949; x_wconf 89' lang='lat' dir='ltr'><strong>iu</strong></span> <span class='ocrx_word' id='word_1_70' title='bbox 536 1903 688 1967; x_wconf 87' lang='lat' dir='ltr'><strong>supernas</strong></span> <span class='ocrx_word' id='word_1_71' title='bbox 711 1886 882 1949; x_wconf 82' lang='lat' dir='ltr'><strong>transitum</strong></span> <span class='ocrx_word' id='word_1_72' title='bbox 904 1885 979 1950; x_wconf 82' lang='lat' dir='ltr'><strong>feeit</strong></span> <span class='ocrx_word' id='word_1_73' title='bbox 1001 1886 1120 1966; x_wconf 85' lang='lat' dir='ltr'><strong>domos,</strong></span> 
     </span>
     <span class='ocr_line' id='line_1_15' title="bbox 427 1989 1070 2073; baseline 0 -20"><span class='ocrx_word' id='word_1_74' title='bbox 427 2008 489 2054; x_wconf 93' lang='lat' dir='ltr'><strong>nou</strong></span> <span class='ocrx_word' id='word_1_75' title='bbox 512 1989 712 2054; x_wconf 78' lang='lat' dir='ltr'><strong>defraudatus</strong></span> <span class='ocrx_word' id='word_1_76' title='bbox 736 2008 756 2054; x_wconf 90' lang='lat' dir='ltr'><strong>a</strong></span> <span class='ocrx_word' id='word_1_77' title='bbox 777 2007 892 2055; x_wconf 88' lang='lat' dir='ltr'><strong>eorona</strong></span> <span class='ocrx_word' id='word_1_78' title='bbox 915 1991 1070 2073; x_wconf 85' lang='lat' dir='ltr'><strong>martyris,</strong></span> 
     </span>
     <span class='ocr_line' id='line_1_16' title="bbox 424 2093 1110 2177; baseline 0 -20"><span class='ocrx_word' id='word_1_79' title='bbox 424 2093 497 2176; x_wconf 83' lang='lat' dir='ltr'><strong>quia</strong></span> <span class='ocrx_word' id='word_1_80' title='bbox 518 2094 673 2177; x_wconf 83' lang='lat' dir='ltr'><strong>passionis</strong></span> <span class='ocrx_word' id='word_1_81' title='bbox 695 2097 802 2158; x_wconf 88' lang='lat' dir='ltr'><strong>mente</strong></span> <span class='ocrx_word' id='word_1_82' title='bbox 825 2097 935 2158; x_wconf 88' lang='lat' dir='ltr'><strong>uotum</strong></span> <span class='ocrx_word' id='word_1_83' title='bbox 959 2096 1110 2177; x_wconf 79' lang='lat' dir='ltr'><strong>gesserat.</strong></span> 
     </span>
     <span class='ocr_line' id='line_1_17' title="bbox 426 2199 1176 2283; baseline 0 -20"><span class='ocrx_word' id='word_1_84' title='bbox 426 2217 501 2264; x_wconf 89' lang='lat' dir='ltr'><strong>narn</strong></span> <span class='ocrx_word' id='word_1_85' title='bbox 523 2218 617 2282; x_wconf 85' lang='lat' dir='ltr'><strong>saepe</strong></span> <span class='ocrx_word' id='word_1_86' title='bbox 640 2216 773 2283; x_wconf 86' lang='lat' dir='ltr'><strong>ugonem</strong></span> <span class='ocrx_word' id='word_1_87' title='bbox 797 2200 889 2263; x_wconf 91' lang='lat' dir='ltr'><strong>miles</strong></span> <span class='ocrx_word' id='word_1_88' title='bbox 912 2199 1043 2263; x_wconf 87' lang='lat' dir='ltr'><strong>intrauit</strong></span> <span class='ocrx_word' id='word_1_89' title='bbox 1066 2203 1176 2282; x_wconf 88' lang='lat' dir='ltr'><strong>potens</strong></span> 
     </span>
     <span class='ocr_line' id='line_1_18' title="bbox 344 2304 1132 2387; baseline 0.003 -21"><span class='ocrx_word' id='word_1_90' title='bbox 344 2312 403 2367; x_wconf 93' lang='grc'><strong>155</strong></span> <span class='ocrx_word' id='word_1_91' title='bbox 426 2304 571 2385; x_wconf 87' lang='lat' dir='ltr'><strong>uiatoqne</strong></span> <span class='ocrx_word' id='word_1_92' title='bbox 594 2322 719 2387; x_wconf 86' lang='lat' dir='ltr'><strong>semper</strong></span> <span class='ocrx_word' id='word_1_93' title='bbox 741 2304 832 2368; x_wconf 90' lang='lat' dir='ltr'><strong>hoste</strong></span> <span class='ocrx_word' id='word_1_94' title='bbox 856 2304 1015 2369; x_wconf 79' lang='lat' dir='ltr'><strong>confessor</strong></span> <span class='ocrx_word' id='word_1_95' title='bbox 1036 2304 1132 2379; x_wconf 87' lang='lat' dir='ltr'><strong>redit;</strong></span> 
     </span>
     <span class='ocr_line' id='line_1_19' title="bbox 424 2408 1104 2493; baseline 0 -21"><span class='ocrx_word' id='word_1_96' title='bbox 424 2408 480 2473; x_wconf 90' lang='lat' dir='ltr'><strong>sed</strong></span> <span class='ocrx_word' id='word_1_97' title='bbox 501 2412 687 2493; x_wconf 89' lang='lat' dir='ltr'><strong>praeparata</strong></span> <span class='ocrx_word' id='word_1_98' title='bbox 709 2412 815 2473; x_wconf 90' lang='lat' dir='ltr'><strong>mente</strong></span> <span class='ocrx_word' id='word_1_99' title='bbox 838 2410 1004 2473; x_wconf 77' lang='lat' dir='ltr'><strong>contentus</strong></span> <span class='ocrx_word' id='word_1_100' title='bbox 1028 2408 1104 2472; x_wconf 91' lang='lat' dir='ltr'><strong>deus</strong></span> 
     </span>
     <span class='ocr_line' id='line_1_20' title="bbox 425 2514 1110 2596; baseline 0 -19"><span class='ocrx_word' id='word_1_101' title='bbox 425 2515 564 2578; x_wconf 85' lang='lat' dir='ltr'><strong>seruauit</strong></span> <span class='ocrx_word' id='word_1_102' title='bbox 584 2514 684 2594; x_wconf 89' lang='lat' dir='ltr'><strong>illum,</strong></span> <span class='ocrx_word' id='word_1_103' title='bbox 708 2531 771 2579; x_wconf 92' lang='lat' dir='ltr'><strong>non</strong></span> <span class='ocrx_word' id='word_1_104' title='bbox 793 2530 941 2578; x_wconf 88' lang='lat' dir='ltr'><strong>eoronam</strong></span> <span class='ocrx_word' id='word_1_105' title='bbox 965 2514 1110 2596; x_wconf 81' lang='lat' dir='ltr'><strong>martyris</strong></span> 
     </span>
     <span class='ocr_line' id='line_1_21' title="bbox 425 2617 1182 2702; baseline -0.001 -21"><span class='ocrx_word' id='word_1_106' title='bbox 425 2636 555 2702; x_wconf 82' lang='lat' dir='ltr'><strong>negans,</strong></span> <span class='ocrx_word' id='word_1_107' title='bbox 578 2617 634 2682; x_wconf 94' lang='lat' dir='ltr'><strong>sed</strong></span> <span class='ocrx_word' id='word_1_108' title='bbox 656 2617 774 2682; x_wconf 88' lang='lat' dir='ltr'><strong>addens</strong></span> <span class='ocrx_word' id='word_1_109' title='bbox 797 2621 829 2681; x_wconf 89' lang='lat' dir='ltr'><strong>et</strong></span> <span class='ocrx_word' id='word_1_110' title='bbox 852 2635 999 2682; x_wconf 88' lang='lat' dir='ltr'><strong>eoronam</strong></span> <span class='ocrx_word' id='word_1_111' title='bbox 1022 2617 1182 2698; x_wconf 82' lang='grc'><strong>5115155515,</strong></span> 
     </span>
     <span class='ocr_line' id='line_1_22' title="bbox 423 2721 1103 2805; baseline -0.003 -19"><span class='ocrx_word' id='word_1_112' title='bbox 423 2726 460 2786; x_wconf 88' lang='grc'><strong>55</strong></span> <span class='ocrx_word' id='word_1_113' title='bbox 480 2722 644 2786; x_wconf 85' lang='grc'><strong>1555551155</strong></span> <span class='ocrx_word' id='word_1_114' title='bbox 667 2723 808 2804; x_wconf 86' lang='lat' dir='ltr'><strong>palmam</strong></span> <span class='ocrx_word' id='word_1_115' title='bbox 831 2722 963 2805; x_wconf 84' lang='lat' dir='ltr'><strong>adeptus</strong></span> <span class='ocrx_word' id='word_1_116' title='bbox 987 2721 1103 2805; x_wconf 93' lang='lat' dir='ltr'><strong>proelio</strong></span> 
     </span>
     <span class='ocr_line' id='line_1_23' title="bbox 345 2825 1018 2910; baseline 0.004 -23"><span class='ocrx_word' id='word_1_117' title='bbox 345 2834 403 2888; x_wconf 84' lang='grc'><strong>100</strong></span> <span class='ocrx_word' id='word_1_118' title='bbox 427 2829 459 2890; x_wconf 87' lang='grc'><strong>55</strong></span> <span class='ocrx_word' id='word_1_119' title='bbox 480 2826 623 2909; x_wconf 89' lang='lat' dir='ltr'><strong>proeliati</strong></span> <span class='ocrx_word' id='word_1_120' title='bbox 644 2825 819 2910; x_wconf 86' lang='lat' dir='ltr'><strong>possideret</strong></span> <span class='ocrx_word' id='word_1_121' title='bbox 841 2827 1018 2909; x_wconf 89' lang='lat' dir='ltr'><strong>praemium</strong></span> 
     </span>
     <span class='ocr_line' id='line_1_24' title="bbox 424 2930 985 3013; baseline -0.002 -18"><span class='ocrx_word' id='word_1_122' title='bbox 424 2930 629 2995; x_wconf 76' lang='lat' dir='ltr'><strong>confessionis</strong></span> <span class='ocrx_word' id='word_1_123' title='bbox 652 2933 845 3013; x_wconf 86' lang='lat' dir='ltr'><strong>purpurante</strong></span> <span class='ocrx_word' id='word_1_124' title='bbox 867 2930 985 3010; x_wconf 84' lang='lat' dir='ltr'><strong>laurea,</strong></span> 
     </span>
     <span class='ocr_line' id='line_1_25' title="bbox 425 3034 1028 3117; baseline 0 -19"><span class='ocrx_word' id='word_1_125' title='bbox 425 3035 566 3116; x_wconf 85' lang='lat' dir='ltr'><strong>uittaque</strong></span> <span class='ocrx_word' id='word_1_126' title='bbox 589 3035 674 3117; x_wconf 90' lang='lat' dir='ltr'><strong>paeis</strong></span> <span class='ocrx_word' id='word_1_127' title='bbox 697 3035 729 3099; x_wconf 87' lang='lat' dir='ltr'><strong>iu</strong></span> <span class='ocrx_word' id='word_1_128' title='bbox 753 3034 922 3099; x_wconf 87' lang='lat' dir='ltr'><strong>saeerdotis</strong></span> <span class='ocrx_word' id='word_1_129' title='bbox 946 3035 1028 3098; x_wconf 87' lang='lat' dir='ltr'><strong>stola</strong></span> 
     </span>
     <span class='ocr_line' id='line_1_26' title="bbox 424 3139 1063 3204; baseline 0 -2"><span class='ocrx_word' id='word_1_130' title='bbox 424 3139 589 3203; x_wconf 88' lang='lat' dir='ltr'><strong>redimitus</strong></span> <span class='ocrx_word' id='word_1_131' title='bbox 612 3139 698 3203; x_wconf 91' lang='lat' dir='ltr'><strong>idem</strong></span> <span class='ocrx_word' id='word_1_132' title='bbox 720 3139 769 3202; x_wconf 90' lang='lat' dir='ltr'><strong>bis</strong></span> <span class='ocrx_word' id='word_1_133' title='bbox 792 3141 958 3203; x_wconf 77' lang='lat' dir='ltr'><strong>coronatus</strong></span> <span class='ocrx_word' id='word_1_134' title='bbox 981 3139 1063 3204; x_wconf 82' lang='lat' dir='ltr'><strong>foret</strong></span> 
     </span>
     <span class='ocr_line' id='line_1_27' title="bbox 425 3243 1079 3327; baseline -0.002 -20"><span class='ocrx_word' id='word_1_135' title='bbox 425 3243 584 3307; x_wconf 89' lang='lat' dir='ltr'><strong>eonfessor</strong></span> <span class='ocrx_word' id='word_1_136' title='bbox 607 3247 702 3325; x_wconf 86' lang='lat' dir='ltr'><strong>etque</strong></span> <span class='ocrx_word' id='word_1_137' title='bbox 724 3243 889 3327; x_wconf 80' lang='lat' dir='ltr'><strong>presbyter</strong></span> <span class='ocrx_word' id='word_1_138' title='bbox 912 3243 998 3307; x_wconf 83' lang='lat' dir='ltr'><strong>Felix</strong></span> <span class='ocrx_word' id='word_1_139' title='bbox 1022 3243 1079 3307; x_wconf 93' lang='lat' dir='ltr'><strong>dei.</strong></span> 
     </span>
     <span class='ocr_line' id='line_1_28' title="bbox 345 3347 1187 3431; baseline 0.004 -23"><span class='ocrx_word' id='word_1_140' title='bbox 345 3347 1187 3431; x_wconf 52' lang='lat' dir='ltr'><strong>mmmmmwmms</strong></span> 
     </span>
     <span class='ocr_line' id='line_1_29' title="bbox 425 3451 1082 3534; baseline 0.002 -20"><span class='ocrx_word' id='word_1_141' title='bbox 425 3469 487 3516; x_wconf 94' lang='lat' dir='ltr'><strong>non</strong></span> <span class='ocrx_word' id='word_1_142' title='bbox 511 3455 560 3515; x_wconf 89' lang='grc'><strong>555</strong></span> <span class='ocrx_word' id='word_1_143' title='bbox 581 3452 701 3534; x_wconf 85' lang='lat' dir='ltr'><strong>agonis,</strong></span> <span class='ocrx_word' id='word_1_144' title='bbox 725 3452 780 3515; x_wconf 89' lang='lat' dir='ltr'><strong>sed</strong></span> <span class='ocrx_word' id='word_1_145' title='bbox 803 3451 982 3534; x_wconf 89' lang='lat' dir='ltr'><strong>sepulturae</strong></span> <span class='ocrx_word' id='word_1_146' title='bbox 1005 3451 1082 3531; x_wconf 86' lang='lat' dir='ltr'><strong>dies,</strong></span> 
     </span>
     <span class='ocr_line' id='line_1_30' title="bbox 424 3555 1074 3639; baseline 0.002 -20"><span class='ocrx_word' id='word_1_147' title='bbox 424 3573 484 3638; x_wconf 88' lang='lat' dir='ltr'><strong>quo</strong></span> <span class='ocrx_word' id='word_1_148' title='bbox 508 3559 654 3639; x_wconf 85' lang='lat' dir='ltr'><strong>separatu</strong></span> <span class='ocrx_word' id='word_1_149' title='bbox 675 3555 714 3620; x_wconf 89' lang='lat' dir='ltr'><strong>ab</strong></span> <span class='ocrx_word' id='word_1_150' title='bbox 737 3557 873 3620; x_wconf 91' lang='lat' dir='ltr'><strong>inuieem</strong></span> <span class='ocrx_word' id='word_1_151' title='bbox 896 3555 1074 3620; x_wconf 86' lang='lat' dir='ltr'><strong>substentia</strong></span> 
     </span>
     <span class='ocr_line' id='line_1_31' title="bbox 425 3660 1171 3741; baseline 0 -17"><span class='ocrx_word' id='word_1_152' title='bbox 425 3661 549 3724; x_wconf 89' lang='lat' dir='ltr'><strong>animas</strong></span> <span class='ocrx_word' id='word_1_153' title='bbox 572 3661 692 3724; x_wconf 90' lang='lat' dir='ltr'><strong>uolauit</strong></span> <span class='ocrx_word' id='word_1_154' title='bbox 714 3661 753 3724; x_wconf 91' lang='lat' dir='ltr'><strong>ad</strong></span> <span class='ocrx_word' id='word_1_155' title='bbox 777 3661 881 3741; x_wconf 85' lang='lat' dir='ltr'><strong>deum,</strong></span> <span class='ocrx_word' id='word_1_156' title='bbox 903 3660 936 3724; x_wconf 92' lang='lat' dir='ltr'><strong>in</strong></span> <span class='ocrx_word' id='word_1_157' title='bbox 959 3663 1076 3724; x_wconf 86' lang='lat' dir='ltr'><strong>terram</strong></span> <span class='ocrx_word' id='word_1_158' title='bbox 1100 3677 1171 3724; x_wconf 88' lang='lat' dir='ltr'><strong>earo</strong></span> 
     </span>
     <span class='ocr_line' id='line_1_32' title="bbox 425 3763 1039 3847; baseline -0.002 -19"><span class='ocrx_word' id='word_1_159' title='bbox 425 3782 553 3828; x_wconf 84' lang='lat' dir='ltr'><strong>reuersa</strong></span> <span class='ocrx_word' id='word_1_160' title='bbox 576 3765 697 3829; x_wconf 87' lang='lat' dir='ltr'><strong>tumulo</strong></span> <span class='ocrx_word' id='word_1_161' title='bbox 720 3764 901 3847; x_wconf 88' lang='lat' dir='ltr'><strong>oonquieuit</strong></span> <span class='ocrx_word' id='word_1_162' title='bbox 923 3763 1039 3829; x_wconf 86' lang='lat' dir='ltr'><strong>abdita.</strong></span> 
     </span>
     <span class='ocr_line' id='line_1_33' title="bbox 346 3868 1045 3934; baseline 0.006 -5"><span class='ocrx_word' id='word_1_163' title='bbox 346 3876 405 3930; x_wconf 80' lang='grc'><strong>110</strong></span> <span class='ocrx_word' id='word_1_164' title='bbox 429 3873 462 3933; x_wconf 88' lang='grc'><strong>55</strong></span> <span class='ocrx_word' id='word_1_165' title='bbox 484 3868 597 3933; x_wconf 84' lang='lat' dir='ltr'><strong>merito</strong></span> <span class='ocrx_word' id='word_1_166' title='bbox 620 3869 737 3934; x_wconf 88' lang='lat' dir='ltr'><strong>sanetis</strong></span> <span class='ocrx_word' id='word_1_167' title='bbox 759 3869 819 3933; x_wconf 87' lang='lat' dir='ltr'><strong>iste</strong></span> <span class='ocrx_word' id='word_1_168' title='bbox 843 3868 956 3934; x_wconf 87' lang='lat' dir='ltr'><strong>natalis</strong></span> <span class='ocrx_word' id='word_1_169' title='bbox 980 3868 1045 3933; x_wconf 90' lang='lat' dir='ltr'><strong>dies</strong></span> 
     </span>
     <span class='ocr_line' id='line_1_34' title="bbox 426 3973 1055 4056; baseline -0.002 -19"><span class='ocrx_word' id='word_1_170' title='bbox 426 3976 563 4053; x_wconf 89' lang='lat' dir='ltr'><strong>notatur,</strong></span> <span class='ocrx_word' id='word_1_171' title='bbox 586 3973 619 4036; x_wconf 94' lang='lat' dir='ltr'><strong>in</strong></span> <span class='ocrx_word' id='word_1_172' title='bbox 642 3991 702 4055; x_wconf 94' lang='lat' dir='ltr'><strong>quo</strong></span> <span class='ocrx_word' id='word_1_173' title='bbox 725 3974 796 4056; x_wconf 81' lang='lat' dir='ltr'><strong>lege</strong></span> <span class='ocrx_word' id='word_1_174' title='bbox 818 3973 919 4037; x_wconf 88' lang='lat' dir='ltr'><strong>iuneti</strong></span> <span class='ocrx_word' id='word_1_175' title='bbox 942 3989 1055 4037; x_wconf 87' lang='lat' dir='ltr'><strong>earnes</strong></span> 
     </span>
    </p>
   </div>
   <div class='ocr_carea' id='block_1_3' title="bbox 210 4143 1364 4546">
    <p class='ocr_par' dir='ltr' id='par_1_3' title="bbox 210 4143 1364 4475">
     <span class='ocr_line' id='line_1_35' title="bbox 262 4143 1362 4201; baseline 0 -1"><span class='ocrx_word' id='word_1_176' title='bbox 262 4146 315 4200; x_wconf 87' lang='grc'><strong>139</strong></span> <span class='ocrx_word' id='word_1_177' title='bbox 333 4143 388 4197; x_wconf 85' lang='lat' dir='ltr'><strong>siue</strong></span> <span class='ocrx_word' id='word_1_178' title='bbox 406 4145 481 4200; x_wconf 75' lang='lat' dir='ltr'><strong>Mur.</strong></span> <span class='ocrx_word' id='word_1_179' title='bbox 554 4146 604 4200; x_wconf 81' lang='lat'><strong>143</strong></span> <span class='ocrx_word' id='word_1_180' title='bbox 623 4143 786 4199; x_wconf 86' lang='lat' dir='ltr'><strong>solemnibus</strong></span> <span class='ocrx_word' id='word_1_181' title='bbox 806 4145 836 4199; x_wconf 82' lang='lat' dir='ltr'><strong><em>E</em></strong></span> <span class='ocrx_word' id='word_1_182' title='bbox 906 4147 954 4201; x_wconf 84' lang='lat'><strong>145</strong></span> <span class='ocrx_word' id='word_1_183' title='bbox 974 4148 1081 4198; x_wconf 85' lang='lat' dir='ltr'><strong>sanetus</strong></span> <span class='ocrx_word' id='word_1_184' title='bbox 1099 4146 1168 4201; x_wconf 76' lang='lat' dir='ltr'><strong>noni.</strong></span> <span class='ocrx_word' id='word_1_185' title='bbox 1184 4147 1362 4201; x_wconf 74' lang='lat' dir='ltr'><strong>Zeolrmeieter</strong></span> 
     </span>
     <span class='ocr_line' id='line_1_36' title="bbox 212 4229 1364 4301; baseline 0 -13"><span class='ocrx_word' id='word_1_186' title='bbox 212 4234 270 4288; x_wconf 84' lang='lat'><strong>150</strong></span> <span class='ocrx_word' id='word_1_187' title='bbox 288 4229 421 4285; x_wconf 75' lang='lat' dir='ltr'><strong>exsultans</strong></span> <span class='ocrx_word' id='word_1_188' title='bbox 438 4232 466 4286; x_wconf 79' lang='lat' dir='ltr'><strong><em>A</em></strong></span> <span class='ocrx_word' id='word_1_189' title='bbox 521 4233 571 4287; x_wconf 86' lang='grc'><strong>153</strong></span> <span class='ocrx_word' id='word_1_190' title='bbox 589 4231 634 4300; x_wconf 92' lang='lat' dir='ltr'><strong>qui</strong></span> <span class='ocrx_word' id='word_1_191' title='bbox 652 4235 716 4301; x_wconf 78' lang='lat' dir='ltr'><strong>fort.</strong></span> <span class='ocrx_word' id='word_1_192' title='bbox 772 4235 822 4288; x_wconf 83' lang='lat'><strong>155</strong></span> <span class='ocrx_word' id='word_1_193' title='bbox 840 4233 922 4287; x_wconf 88' lang='lat' dir='ltr'><strong>rediit</strong></span> <span class='ocrx_word' id='word_1_194' title='bbox 940 4232 1015 4288; x_wconf 80' lang='lat' dir='ltr'><strong>Mar.</strong></span> <span class='ocrx_word' id='word_1_195' title='bbox 1082 4235 1130 4288; x_wconf 92' lang='grc'><strong>161</strong></span> <span class='ocrx_word' id='word_1_196' title='bbox 1150 4231 1314 4286; x_wconf 83' lang='lat' dir='ltr'><strong>consessione</strong></span> <span class='ocrx_word' id='word_1_197' title='bbox 1333 4233 1364 4288; x_wconf 86' lang='grc' dir='ltr'><em>Ε</em></span> 
     </span>
     <span class='ocr_line' id='line_1_37' title="bbox 214 4316 1360 4389; baseline -0.002 -14"><span class='ocrx_word' id='word_1_198' title='bbox 214 4316 441 4386; x_wconf 66' lang='lat' dir='ltr'><strong>leonisque</strong></span> <span class='ocrx_word' id='word_1_199' title='bbox 495 4321 545 4374; x_wconf 88' lang='grc'><strong>165</strong></span> <span class='ocrx_word' id='word_1_200' title='bbox 564 4318 660 4372; x_wconf 85' lang='lat' dir='ltr'><strong>annuis</strong></span> <span class='ocrx_word' id='word_1_201' title='bbox 678 4319 714 4388; x_wconf 81' lang='lat' dir='ltr'><strong>E,</strong></span> <span class='ocrx_word' id='word_1_202' title='bbox 733 4335 818 4374; x_wconf 85' lang='lat' dir='ltr'><strong>annus</strong></span> <span class='ocrx_word' id='word_1_203' title='bbox 837 4321 894 4374; x_wconf 84' lang='lat' dir='ltr'><strong>AD</strong></span> <span class='ocrx_word' id='word_1_204' title='bbox 958 4321 1007 4376; x_wconf 83' lang='grc'><strong>167</strong></span> <span class='ocrx_word' id='word_1_205' title='bbox 1026 4333 1078 4389; x_wconf 89' lang='lat' dir='ltr'><strong>qno</strong></span> <span class='ocrx_word' id='word_1_206' title='bbox 1097 4323 1218 4389; x_wconf 84' lang='lat' dir='ltr'><strong>separata</strong></span> <span class='ocrx_word' id='word_1_207' title='bbox 1237 4319 1273 4388; x_wconf 79' lang='grc' dir='ltr'><strong>Ε,</strong></span> <span class='ocrx_word' id='word_1_208' title='bbox 1295 4333 1360 4387; x_wconf 85' lang='lat' dir='ltr'><strong>quoe</strong></span> 
     </span>
     <span class='ocr_line' id='line_1_38' title="bbox 210 4405 691 4475; baseline 0.004 -17"><span class='ocrx_word' id='word_1_209' title='bbox 210 4407 314 4475; x_wconf 76' lang='lat' dir='ltr'><strong>parete</strong></span> <span class='ocrx_word' id='word_1_210' title='bbox 330 4405 386 4459; x_wconf 83' lang='lat' dir='ltr'><strong>AD</strong></span> <span class='ocrx_word' id='word_1_211' title='bbox 440 4407 490 4462; x_wconf 83' lang='grc'><strong>168</strong></span> <span class='ocrx_word' id='word_1_212' title='bbox 507 4405 597 4459; x_wconf 85' lang='lat' dir='ltr'><strong>anima</strong></span> <span class='ocrx_word' id='word_1_213' title='bbox 615 4405 691 4462; x_wconf 78' lang='lat' dir='ltr'><strong>Mur.</strong></span> 
     </span>
    </p>

    <p class='ocr_par' dir='ltr' id='par_1_4' title="bbox 1156 4493 1203 4546">
     <span class='ocr_line' id='line_1_39' title="bbox 1156 4493 1203 4546; baseline -0.021 0"><span class='ocrx_word' id='word_1_214' title='bbox 1156 4493 1203 4546; x_wconf 78' lang='lat'><strong>11*</strong></span> 
     </span>
    </p>
   </div>
   <div class='ocr_carea' id='block_1_4' title="bbox 0 0 1614 4950">
    <p class='ocr_par' dir='ltr' id='par_1_5' title="bbox 0 0 1614 4950">
     <span class='ocr_line' id='line_1_40' title="bbox 0 0 1614 4950; baseline 0 1"><span class='ocrx_word' id='word_1_215' title='bbox 0 0 1614 4950; x_wconf 95' lang='lat' dir='ltr'><strong> </strong></span> 
     </span>
    </p>
   </div>
  </div>
 </body>
</html>
