3217 4950
264 411 327 477 146
596 429 623 482 S.
635 428 770 483 Paulini
788 426 908 482 Nolani
926 427 1072 497 episcopi

366 623 420 669 ora
441 605 559 668 tamem
583 608 615 668 et
637 605 742 668 cuncti
764 621 898 688 magnas
922 621 977 686 spe
1000 603 1097 685 partis
1119 603 1258 666 hiantem

304 718 342 772 75
366 708 540 774 tendebant
562 709 600 772 ad
621 709 727 792 opima
748 727 839 772 senes
863 707 1006 772 conuiuia
1028 707 1161 772 faucem.

365 815 486 878 interea
507 813 638 897 largitor
659 813 750 896 inops
773 829 837 876 non
859 810 1001 895 partibus
1024 811 1132 894 aequis

367 917 478 982 diuidit
498 916 615 982 incisas
637 935 758 996 carna,
781 916 921 980 medium
944 917 1008 980 suis
1032 915 1134 980 aufert

364 1023 501 1105 sinciput
523 1026 555 1087 et
575 1026 699 1087 tanturn
722 1022 800 1086 secti
823 1022 929 1104 coquit
951 1021 1064 1085 intima
1086 1020 1206 1084 uentris

367 1127 495 1208 solaque
518 1126 708 1211 pauperibus
731 1126 815 1190 caesi
838 1125 946 1190 uitalia
968 1125 1051 1209 porci

304 1239 344 1294 80
367 1230 479 1296 diuidit
501 1249 538 1295 ac
559 1234 661 1295 totum
684 1229 744 1294 sibi
766 1247 878 1312 corpus
901 1229 1016 1294 habere
1038 1228 1198 1311 relinquit,

368 1337 400 1399 et
421 1338 531 1400 notum
554 1334 716 1418 conplesse
738 1337 831 1418 putat
853 1335 1016 1416 laetusque
1038 1333 1139 1398 sedne

368 1438 487 1521 incipit,
511 1457 607 1503 ansus
629 1456 683 1502 eas
706 1438 846 1503 iumento
869 1439 1016 1521 inponere
1040 1456 1147 1502 secum

365 1543 524 1625 reliquias,
548 1543 634 1607 etin
656 1543 705 1607 his
729 1543 837 1626 placiti
859 1562 893 1606 se
916 1543 1048 1626 pignora
1070 1543 1136 1607 uoti

368 1650 477 1712 sancta
497 1647 613 1712 referre
637 1648 765 1712 domum
788 1647 872 1712 male
894 1647 1048 1728 credulae,
1072 1648 1104 1712 in
1127 1645 1242 1729 quibus
1264 1646 1347 1711 idem

306 1759 345 1814 85
369 1752 520 1816 damnum
542 1751 667 1816 murrae
689 1751 868 1834 nodumque
891 1751 960 1816 uiae
984 1749 1129 1835 portabat
1151 1769 1274 1815 annus.
1360 1759 1361 1764 ’

367 1857 500 1939 denique
523 1873 594 1921 mox
616 1873 674 1920 nec
696 1855 783 1920 mille
807 1856 891 1920 uiam
914 1857 1086 1939 permissus
1109 1854 1194 1920 abire

367 1959 512 2044 passibus
535 1960 677 2025 elucente
700 1959 750 2023 die
773 1960 869 2026 simul
892 1964 1006 2044 aggere
1028 1961 1132 2043 plano,

370 2081 433 2130 non
455 2064 594 2129 tenebris
616 2064 778 2148 pauitante
801 2081 858 2128 nec
882 2063 1058 2130 offendente
1081 2064 1222 2145 salebris,

368 2168 476 2252 lapsus
499 2185 577 2260 equo
601 2171 632 2233 et
653 2169 745 2251 quasi
766 2168 846 2233 fixus
869 2167 958 2234 humi
980 2187 1015 2234 se
1037 2169 1146 2234 tollere
1169 2186 1276 2233 rursus

306 2281 347 2336 90
370 2273 408 2336 ad
431 2273 668 2338 consistendum
689 2275 834 2356 reparato
857 2271 967 2338 robore
990 2291 1122 2357 surgens

368 2395 431 2443 non
453 2377 556 2461 potuit
576 2377 739 2461 coepitque
761 2378 857 2461 pedes
880 2379 1022 2460 clamare·
1038 2377 1152 2462 ligatos

370 2483 463 2567 idque
486 2482 618 2566 probare
640 2483 744 2547 iacens
766 2482 883 2566 plantis
907 2483 995 2567 quasi
1018 2483 1155 2566 conpede
1178 2482 1303 2547 iunctis.

411 2586 463 2651 hic
485 2587 570 2651 alind
592 2586 709 2651 mirum
731 2605 805 2651 casn
830 2588 966 2653 sociatur
987 2588 1019 2651 in
1043 2589 1125 2671 ipso;

370 2709 444 2756 narn
468 2692 542 2757 dnm
565 2692 654 2756 illum
676 2694 767 2757 anta
788 2710 860 2757 cum
884 2692 1045 2757 debilitate
1067 2692 1222 2757 iacentem

308 2804 346 2857 95
372 2799 494 2861 maesta
515 2796 760 2880 propinquorum
782 2797 968 2862 circumstet
991 2796 1084 2863 turba
1106 2815 1244 2877 suorum,

370 2901 555 2981 iumentum,
578 2902 629 2965 cui
650 2901 718 2965 solu
740 2901 827 2966 oneri
849 2902 976 2984 porcina
999 2901 1157 2983 manebat,

371 3022 535 3069 ascensore
558 3005 608 3069 sui
620 3022 765 3069 uacuum
788 3010 821 3069 et
843 3004 969 3071 <lucare
991 3005 1134 3071 relictam

370 3112 481 3192 sponte
503 3127 561 3174 sua
583 3127 652 3175 sese
675 3109 762 3173 nullo
784 3108 931 3175 flectente
953 3110 1126 3191 refrenans,

371 3217 534 3296 tamqnam
555 3214 733 3279 offendiculi
756 3231 885 3279 causam
908 3218 1109 3299 cognosceret
1130 3216 1213 3280 ultro

288 3327 349 3383 100
373 3321 428 3382 aut
450 3318 586 3400 aliquem
608 3316 772 3401 prohibere
795 3318 892 3399 mam,
915 3338 977 3401 qua
998 3322 1143 3403 coeperat
1166 3320 1220 3400 ire,

371 3422 512 3503 uidisset,
535 3422 581 3487 sic
603 3423 694 3505 fugit,
718 3422 777 3487 iter
799 3442 989 3506 cursumque
1011 3426 1145 3505 retorsit,

372 3529 405 3590 et
425 3529 612 3609 properante
633 3526 733 3610 gradu
756 3527 927 3593 recucurrit
950 3528 989 3591 ad
1011 3528 1135 3611 hospita
1157 3531 1240 3593 tecta

372 3629 518 3695 omnibus
541 3631 737 3712 anteuolans,
760 3648 838 3714 quos
861 3632 941 3715 lapsi
964 3634 1084 3698 attenta
1107 3632 1236 3697 tenebat

373 3752 448 3799 cura
468 3735 537 3816 niri,
561 3753 622 3817 qua
643 3735 796 3818 paulatim
819 3737 907 3817 qnasi
930 3755 1055 3820 corpore
1077 3737 1175 3803 fracto

313 4032 403 4085 liora
416 4030 491 4085 Mar.
544 4030 663 4085 cuntiE
712 3998 832 4097 hiantem
846 4032 953 4089 Doara.
967 4050 1001 4087 aa.
1013 4037 1040 4103 2,
1057 4032 1163 4087 mantes
1176 4033 1251 4089 Mer.
1304 4031 1411 4089 75000-

270 4118 358 4178 οωΑ
409 4134 451 4173 aa.
467 4119 570 4173 'li-79
588 4136 638 4174 cm.
657 4118 715 4173 AD
732 4125 758 4174 et
774 4119 851 4174 Mur.
910 4121 944 4175 80
962 4119 1004 4189 ac]
1023 4124 1051 4173 et
1068 4121 1141 4175 Mar.
1204 4122 1238 4177 88
1255 4120 1359 4190 pignori
1381 4120 1412 4175 D

269 4206 303 4261 84
326 4204 425 4259 referre
447 4204 485 4272 (re
507 4206 540 4259 io
560 4205 626 4273 ras.)
650 4206 678 4260 D
756 4209 790 4262 90
818 4210 940 4274 reparate
968 4208 998 4263 E
1064 4208 1098 4263 92
1124 4207 1190 4277 pede
1213 4207 1360 4262 coniunctis
1383 4210 1411 4263 A

270 4293 304 4347 95
331 4294 418 4345 mesta
444 4292 475 4346 E
541 4294 575 4347 96
600 4292 694 4346 honeri
721 4292 752 4347 Ε
818 4295 853 4349 98
879 4292 1008 4349 irectente
1031 4295 1089 4349 AD
1160 4297 1209 4351 102
1231 4294 1344 4349 recurrit
1366 4294 1411 4349 A*

270 4381 341 4431 tecta
360 4380 397 4447 E,
419 4381 492 4432 tectu
510 4379 547 4445 D,
569 4378 633 4432 tecti
651 4380 678 4433 A
751 4382 802 4435 104
820 4396 872 4449 qua
889 4383 995 4451 seipsi,
1014 4396 1081 4449 quae
1098 4382 1209 4449 ADE1,
1227 4396 1304 4450 quem
1323 4380 1367 4436 E*
