3217 4950
258 426 322 493 306
591 442 617 497 S.
630 440 762 497 Paulini
779 440 900 496 Nolani
918 440 1065 511 episeopi

363 618 460 703 Surge
482 618 579 703 igitur
600 618 778 701 blandeque
800 636 908 683 meum
930 618 1100 703 spiramine
1121 622 1230 701 peetus

362 724 533 807 ingredere,
557 741 575 787 ο
598 722 685 788 Felix
707 728 795 806 peter
819 725 851 787 et
872 723 998 787 demine
1021 725 1114 805 etque
1134 726 1275 805 petrone,

363 832 397 893 tu
421 827 530 893 demus
554 831 585 893 ei
607 826 763 893 medieinu
784 828 860 891 mihi
884 831 915 892 et
937 827 1100 911 supientia,
1124 827 1223 902 Feli13

302 942 341 997 10
364 936 398 1020 tu
420 950 505 997 uuue
527 932 672 998 obtusum
697 932 774 997 mihi
796 932 892 1015 leuge
913 951 968 1015 per
991 932 1055 997 etis
1077 936 1217 997 mentem

365 1055 487 1119 exacue,
511 1038 609 1122 ignite
632 1040 783 1122 uegetam
807 1055 878 1102 meu
898 1037 1019 1102 lumine
1041 1036 1144 1102 eerdu.

364 1350 424 1417 Sed
447 1352 524 1417 mihi
546 1369 609 1419 nen
631 1353 691 1417 iste
715 1352 894 1417 fundendus
916 1353 949 1417 in
971 1369 1104 1435 aequore
1127 1370 1230 1417 sermo
1253 1355 1313 1435 est,

363 1460 399 1521 ut
420 1475 476 1540 per
499 1461 679 1522 saneterum
702 1458 815 1521 merite
837 1448 892 1522 uut'
913 1456 1064 1521 miracula
1086 1473 1210 1521 currum

364 1563 396 1625 et
418 1578 497 1643 quse
519 1580 576 1645 per
598 1564 723 1626 sanctes
747 1579 857 1626 omnes
880 1560 919 1625 ub
943 1560 1061 1645 origine
1083 1578 1190 1626 rerum

303 1672 341 1729 15
364 1668 504 1749 praestet
526 1667 653 1750 egitque
676 1666 752 1731 deus
775 1684 870 1731 uersu
893 1666 1038 1731 deterere
1061 1684 1163 1746 eener,

364 1788 443 1852 quse
467 1788 524 1834 nee
546 1788 636 1835 meus
659 1770 799 1835 humens
821 1771 907 1855 eupit
929 1788 988 1835 nee
1009 1770 1120 1853 lingue
1140 1769 1267 1853 profari.

365 1875 492 1957 etquid
515 1876 548 1940 iu
570 1876 629 1941 hoe
652 1876 778 1956 mirum,
802 1876 828 1940 si
852 1876 961 1940 eherte
982 1875 1143 1940 uolumine
1166 1878 1232 1941 tete

365 1998 427 2044 nen
450 1979 553 2063 cupiet
575 1996 654 2063 quae
677 1998 734 2045 nee
758 1981 893 2045 mundus
916 1980 1001 2063 eupit
1022 1980 1128 2044 omniu
1149 1980 1258 2045 tetus?

367 2084 466 2149 maier
489 2085 574 2149 enim
596 2082 739 2171 (munde)
761 2084 872 2149 mundi
895 2088 988 2165 satur,
1012 2084 1078 2168 ipse
1101 2084 1178 2149 deus
1200 2102 1264 2165 rer,

302 2196 342 2255 20
365 2190 420 2272 qui
442 2193 558 2253 terrum
582 2190 766 2271 caelumque
788 2189 912 2272 implei3
936 2207 1031 2271 quem
1053 2206 1116 2254 nen
1139 2189 1224 2271 eupit
1244 2189 1305 2253 iste

364 2294 510 2374 mundus,
534 2312 607 2357 eum
630 2293 757 2376 eupiunt
779 2294 892 2373 saneti,
915 2310 978 2358 nen
1001 2293 1139 2377 eorporis
1163 2295 1278 2377 ample,

366 2398 421 2464 sed
443 2398 559 2484 pietuie
581 2398 717 2463 humiles
741 2403 773 2463 et
795 2398 913 2463 munde
935 2400 1027 2463 eorde
1053 2416 1194 2484 eapuees.

365 2711 457 2776 Nune
478 2712 584 2795 itaque
607 2715 643 2777 nt
665 2713 772 2778 diuina
795 2712 857 2778 mei
880 2712 961 2778 bene
983 2718 1073 2797 gestu
1094 2713 1218 2796 petroni

368 2816 479 2882 Felicis
503 2817 637 2882 referam
661 2818 712 2882 nel
735 2835 816 2900 quae
839 2817 918 2882 mihi
940 2818 1106 2883 eemmeda
1128 2819 1212 2882 nites

305 2929 344 2983 25
367 2922 534 2986 contulerit
556 2921 608 2986 uel
631 2940 709 3004 quae
733 2921 842 2986 multis
866 2940 924 3005 epe
947 2921 1058 2986 eaelite
1080 2925 1246 3004 praestans

367 3026 548 3091 muneribus
573 3027 712 3091 conferre
734 3027 793 3108 piis
817 3044 879 3090 nen
903 3027 1017 3090 desiuit
1039 3027 1125 3090 omui

365 3147 464 3214 peene
487 3131 546 3210 die,
570 3131 664 3194 uurfls
688 3130 829 3195 tribuens
852 3132 905 3213 piu
928 3148 1060 3195 munere
1083 3131 1191 3214 signis,

367 3233 526 3299 Christum
546 3235 666 3299 laudari
690 3235 873 3300 meritorum
894 3235 1033 3317 postulat
1055 3235 1142 3308 erd03

367 3357 428 3404 nen
451 3339 611 3404 hominem
635 3338 689 3402 sed
712 3357 784 3403 eum
808 3340 911 3422 petius
933 3340 1060 3404 laudare
1083 3339 1222 3419 uidebor,

307 3452 346 3508 30
370 3461 432 3527 que
455 3443 541 3508 Felix
564 3446 690 3508 enetere
712 3447 824 3527 petens
847 3443 1026 3509 uenerabile
1048 3461 1164 3508 nemen

367 3548 488 3631 optinet
511 3551 542 3612 et
564 3548 700 3612 medieas
724 3549 779 3612 det
801 3567 886 3631 opes,
910 3547 1022 3630 nuribus
1045 3565 1140 3632 aegre
1161 3548 1272 3612 reuisit

368 3669 497 3734 serpere
519 3653 721 3736 eupiiuesqne
745 3655 867 3717 animes
890 3655 923 3717 ui
946 3652 1106 3717 daemonis
1130 3653 1190 3716 etri

368 3757 505 3821 ubselnit
527 3762 694 3840 superante
717 3759 783 3822 dee.
808 3775 866 3822 nee
888 3759 920 3822 in
942 3759 1002 3823 hae
1025 3775 1082 3840 epe
1105 3759 1230 3822 tantum

368 3859 535 3925 munificus
558 3861 642 3925 Felix
667 3865 812 3944 operetur
835 3881 967 3927 munera
989 3861 1105 3926 (ihristi
1310 3847 1313 3851 ⁵

306 3973 345 4028 35
370 3965 462 4029 etde
486 3967 609 4049 uipereo
633 3967 823 4030 fortissimus
847 3967 937 4031 hoste
960 3965 1143 4048 triumphat.

310 4229 339 4281 li
360 4225 451 4295 eorde]
471 4225 542 4279 idem
561 4225 588 4280 in
608 4226 699 4280 eodem
722 4227 785 4280 add.
806 4229 831 4276 A
902 4227 934 4281 12
957 4224 1102 4278 fundendis
1125 4227 1149 4276 Δ
1220 4227 1252 4280 15
1269 4227 1405 4293 pertexere

265 4313 339 4368 Mem.
413 4315 445 4368 19
467 4311 567 4366 munde
591 4313 655 4368 add.
674 4313 747 4368 Mur.
819 4314 853 4368 22
875 4311 997 4381 eupsees]
1024 4310 1095 4364 idem
1122 4311 1151 4364 in
1178 4309 1270 4365 eedem
1296 4311 1361 4366 add.
1380 4315 1405 4363 Δ

264 4403 297 4456 27
317 4403 442 4474 poenes!
