3217 4950
457 430 643 488 carminum
661 432 687 487 S.
700 432 834 486 Paulini
852 432 972 486 Nolani
989 433 1135 502 episeopi

458 618 491 667 το
587 610 746 670 benedictio
761 628 806 669 me
821 613 979 670 oenseorat.

533 697 665 757 erneifixe
681 698 782 768 uietor,
798 698 927 774 expiator
941 698 1103 770 eriminum,

586 784 616 842 in
633 787 722 844 morte
737 784 799 843 uita
814 787 998 859 praepetem,

536 870 590 941 lae,
607 889 670 929 oum
686 888 819 945 supreme
834 874 988 931 senoeaber
1002 874 1139 947 tempero,

586 961 621 1017 eb
637 961 737 1017 obruto
753 958 837 1017 malis
852 960 922 1019 ebao

458 1050 490 1099 ue
534 1046 666 1104 maducat
681 1046 739 1103 ista
753 1062 798 1104 me
812 1045 867 1105 tibi
881 1045 1051 1118 benedictio,

587 1133 661 1206 quod
677 1130 748 1190 utile
763 1132 879 1191 interim
894 1134 970 1203 dato,

535 1234 591 1277 neu
607 1236 638 1277 ae
653 1218 784 1293 inquiete
797 1220 904 1278 mentis
919 1220 1061 1279 excruciet
1075 1236 1162 1290 mora,

588 1304 714 1364 laetente
729 1306 829 1365 uineta
843 1323 964 1366 careore.

657 1529 852 1581 GABMEN
874 1530 936 1581 111.

433 1655 537 1713 Sancte
552 1656 631 1725 deus,
648 1654 720 1713 lueis
736 1654 843 1726 lumen,
859 1654 1010 1714 eenaerdia
1024 1672 1129 1727 rerum,

484 1741 594 1799 aeterni
609 1744 695 1801 uerbo
711 1742 841 1801 eonditor
856 1741 978 1817 imperii,

434 1845 533 1901 expers
548 1828 682 1903 principii
699 1846 751 1886 nee
766 1828 819 1887 uni
834 1828 984 1900 obnoxius,
1000 1846 1034 1886 ex
1049 1844 1105 1903 que

484 1918 576 1973 totum
592 1916 665 1988 quod
681 1932 760 1973 nune
775 1919 830 1987 est,
846 1917 920 1990 qnod
936 1914 992 1973 ruit
1007 1918 1037 1973 et
1050 1914 1125 1989 qnod
1142 1915 1211 1984 erit;

373 2008 389 2057 e
434 2001 560 2075 eorporis
576 2000 674 2077 ignote
690 2002 789 2075 oeulis,
806 2002 854 2060 uir
869 2002 984 2078 cognite
999 2002 1099 2072 menti,

485 2105 537 2146 neo
553 2088 662 2163 linguis
677 2088 772 2148 ieeilis
789 2106 843 2148 neo
858 2089 994 2164 capiendo
1009 2088 1124 2159 animis,

434 2174 599 2250 indulgens,
616 2178 744 2245 sanetus,
761 2175 867 2247 iustus,
883 2174 1008 2250 patiens,
1024 2175 1184 2247 miserator,

486 2261 600 2339 plenus,
615 2260 769 2336 perfectus,
785 2262 936 2333 mammes,
953 2262 1145 2337 omnipotens,

435 2349 513 2407 solus
528 2366 581 2407 nee
597 2348 675 2408 selus
689 2350 789 2423 terque
804 2366 882 2408 nnus
897 2348 972 2407 etin
986 2349 1081 2408 tribus
1096 2366 1183 2421 unus,

359 2444 391 2493 10
486 2437 539 2496 hoe
555 2452 666 2510 semper
680 2436 778 2509 maier,
794 2454 851 2511 qno
865 2434 920 2496 dde
935 2450 966 2495 es
981 2435 1108 2496 uberiori

434 2523 539 2583 uiderit
554 2540 592 2582 nn
607 2523 721 2582 neniam
738 2527 843 2598 speret,
860 2523 885 2582 si
900 2522 992 2582 dieere
1007 2523 1106 2582 laudes

485 2610 554 2669 bine
568 2609 622 2670 tibi
637 2609 702 2684 quis
718 2609 841 2681 dubitat,
855 2611 930 2684 qued
945 2608 1039 2669 minor
1053 2626 1117 2669 esse
1131 2609 1223 2669 timet.

435 2696 547 2772 ignesei
561 2701 637 2755 certe
651 2697 752 2756 merite
766 2696 812 2755 fae
827 2696 942 2757 nouerit
955 2696 1004 2755 ille

487 2786 572 2858 atque
588 2801 654 2842 rous
669 2783 789 2843 stolidae
805 2783 998 2858 simplieitatis
1013 2784 1076 2844 erit.

361 2879 392 2927 lo
437 2871 604 2929 innumeras
619 2870 668 2944 qui
683 2887 730 2930 res
745 2873 867 2944 temptet
881 2887 1031 2930 numerere
1046 2874 1194 2945 paretque,

487 2957 611 3016 uirtutes
626 2955 719 3030 possit
733 2974 936 3031 pernumerare
950 2960 1026 3017 tuas.

436 3047 465 3103 et
479 3045 553 3118 quod
569 3043 709 3102 sentimus
724 3043 789 3119 plus
805 3047 851 3104 est
865 3061 950 3118 qnam
966 3045 1067 3120 lingua
1081 3045 1214 3120 loquatur

487 3135 517 3189 et
531 3131 604 3205 quod
621 3131 772 3202 sentimus,
789 3131 1020 3207 conloquimur,
1036 3133 1133 3190 minus
1148 3135 1201 3190 est.

436 3218 531 3277 omnia
545 3235 618 3292 quae
633 3219 738 3277 dudum
754 3218 844 3277 uariis
858 3219 1000 3278 elementa
1013 3218 1115 3294 liguria

359 3311 393 3359 20
488 3305 628 3364 eredimus
643 3305 774 3364 eudimus
789 3306 937 3381 tangimus
952 3304 1118 3380 aspicimus,

436 3391 496 3450 leta
510 3391 592 3462 mari,
607 3391 693 3450 tenio
708 3391 819 3467 grenio,
835 3392 1018 3466 splendentia
1031 3393 1119 3464 eaelo,

489 3483 552 3537 aere
568 3479 693 3550 mobilis,
709 3479 807 3538 tristia
821 3482 904 3538 noete
920 3480 1014 3555 nigra,

436 3565 579 3624 frondosis
595 3565 705 3624 inserta
720 3565 806 3642 iugis,
822 3566 948 3626 sidentia
960 3567 1067 3641 planis,

488 3652 600 3711 eonsita
615 3652 733 3724 uinetis,
750 3653 882 3720 omnibus
898 3657 966 3729 apta
981 3653 1064 3725 satis,

359 3745 393 3794 25
436 3739 517 3798 inuia
532 3739 663 3811 desertis,
679 3741 813 3799 eenereta
827 3740 934 3814 frigere
948 3740 1040 3815 pigre,

274 3945 308 3998 76
326 3940 396 4011 qnod
415 3941 480 3996 utile
498 3943 605 3997 interim
624 3942 687 3997 date
705 3942 733 4012 (i.
747 3943 847 3998 edum
864 3944 932 3998 milri
950 3943 1059 3998 inierim
1077 3944 1156 3999 detur
1173 3943 1243 4014 qued
1261 3944 1366 3999 salubre

230 4029 281 4098 est)
299 4029 365 4098 eod,
384 4045 443 4082 earo
462 4028 516 4098 (ael
527 4030 616 4100 earne)
634 4030 742 4084 inierim
760 4033 847 4084 terrae
864 4029 928 4086 data
939 4032 1008 4087 coni.
1021 4031 1133 4086 mone
1184 4035 1216 4088 77
1235 4048 1286 4085 neu
1299 4033 1366 4100 eod,

231 4133 263 4170 ne
273 4117 414 4260 ΙξΙσὙ-
428 4203 453 4258 S.
466 4203 572 4258 Paulini
590 4205 705 4275 episcopi
721 4205 820 4259 Nolani
838 4221 946 4260 carmen
958 4207 973 4260 1
985 4207 1019 4260 ad
1034 4207 1121 4260 mum
1139 4209 1200 4275 post
1217 4207 1367 4260 conuersie-

231 4305 293 4343 nem
311 4293 338 4343 et
354 4289 517 4360 baptismum
536 4309 613 4345 suum
632 4295 713 4350 ierem.
726 4295 797 4364 Anp.
811 4295 883 4362 Mai,
901 4295 983 4350 imur.
995 4311 1047 4349 om.
1062 4293 1088 4347 T
1150 4295 1182 4349 13
1199 4293 1244 4346 ille
1261 4295 1368 4363 scripsi,

230 4376 271 4430 illi
292 4378 316 4431 Τ
366 4381 397 4432 15
416 4381 542 4446 paretque
560 4379 630 4444 Mai,
647 4381 771 4448 patetque
791 4381 817 4434 Τ
