3217 4950
237 399 298 463 120
567 415 593 469 S.
606 414 741 469 Paulini
759 414 880 468 Nolani
898 415 1044 485 episcopi

335 610 396 675 quo
419 592 499 657 bene
521 596 695 676 purgantur
717 591 861 673 nebulae,
885 590 997 673 quibus
1021 591 1200 656 interiorem

272 707 312 761 40
336 697 496 763 obducunt
519 698 618 762 eciem
641 697 751 761 mundi
773 696 913 761 fallentis
937 713 1069 776 amores,

335 802 388 884 qui
412 820 563 885 magnum
585 820 641 885 per
662 801 755 866 inane
777 819 875 885 uagos
899 802 966 864 sine
990 801 1108 885 remige
1131 820 1242 866 sensus

336 907 554 989 circumagunt
576 905 789 988 hebetantque
811 906 901 989 graui
924 905 1056 989 caligine
1080 908 1187 986 captos

336 1010 484 1075 mollibus
507 1009 684 1090 inlecebris,
707 1013 744 1075 ut
765 1009 916 1093 frangant
937 1009 1049 1073 robora
1071 1011 1154 1074 uitae

337 1119 557 1198 sectenturque
580 1133 674 1180 cauas
696 1134 753 1198 per
774 1115 888 1198 gaudia
909 1113 1030 1178 lubrica
1051 1131 1192 1198 pompae.

276 1229 315 1286 45
382 1221 440 1285 hos
462 1221 557 1304 igitur
580 1219 671 1284 uobis
694 1219 823 1302 cupiens
847 1221 987 1284 auertere
1010 1218 1136 1284 morbos

337 1324 553 1390 omnimedens
576 1324 731 1404 dominus,
754 1327 879 1389 sanctos
903 1322 1088 1388 mortalibus
1113 1325 1212 1408 aegris

336 1430 517 1514 peruenias
539 1433 649 1513 gentes
672 1428 810 1493 medicos
832 1428 949 1512 pietate
973 1427 1091 1493 salubri

338 1535 448 1610 edidit;
470 1537 568 1617 utque
591 1551 681 1598 suam
705 1532 812 1598 diuina
833 1534 973 1617 potentia
996 1550 1103 1597 curam

337 1639 452 1704 clarius
476 1642 625 1719 exereret,
647 1637 821 1722 potioribus
844 1637 952 1702 intulit
973 1638 1044 1702 illos

275 1752 315 1807 50
338 1743 479 1827 urbibus,
502 1747 534 1807 et
556 1742 710 1825 quosdam
731 1742 806 1806 lieet
828 1741 940 1826 oppida
962 1759 1060 1826 parua
1082 1745 1240 1807 retentent

338 1851 504 1931 martyras,
528 1851 561 1912 at
581 1865 725 1930 proceres
749 1846 826 1911 deus
850 1848 934 1930 ipsos
958 1847 1121 1912 moenibus
1145 1847 1258 1931 amplis

337 1952 446 2017 intulit
468 1955 500 2016 et
521 1969 638 2036 paucas
662 1952 786 2016 1555555
810 1951 919 2016 diuisit
940 1953 972 2015 in
996 1969 1077 2034 oras,

338 2075 416 2139 quos
438 2059 546 2120 tamen
569 2059 642 2121 aute
665 2055 787 2120 obitum
810 2059 875 2120 toto
898 2056 984 2121 dedit
1005 2056 1079 2121 orbe
1105 2057 1281 2140 magistros

338 2162 410 2226 inde
432 2161 564 2225 Petrum
587 2164 620 2224 et
641 2159 776 2224 Paulum
799 2160 942 2225 Romana
963 2159 1031 2224 firit
1052 2162 1085 2224 in
1108 2160 1195 2242 urbe,

276 2274 315 2329 55
339 2264 532 2349 principibus
555 2265 701 2347 quoniam
726 2264 853 2328 medicis
876 2269 971 2347 eaput
993 2265 1077 2328 orbis
1102 2264 1215 2349 egebat

339 2371 447 2434 multis
471 2371 618 2433 insanum
641 2369 724 2433 uitiis
747 2386 938 2451 caecumque
961 2368 1109 2434 tenebris

339 2476 393 2539 sed
415 2473 535 2558 potiore
558 2473 615 2539 deo
638 2478 779 2539 nostram
801 2490 946 2557 reparare
969 2473 1105 2539 salutem

338 2596 435 2663 qnam
457 2577 572 2644 Satara
594 2582 703 2661 captos
727 2579 823 2642 etiam
847 2596 931 2642 nunc
953 2578 1061 2643 fraude
1085 2575 1192 2643 tenere

338 2686 502 2748 rarescunt
523 2682 671 2747 tenebrae
694 2683 814 2763 mundi,
839 2686 871 2748 et
892 2683 956 2747 iam
980 2700 1079 2767 paene
1102 2701 1158 2766 per
1180 2701 1289 2747 omnes

277 2796 317 2851 60
340 2786 516 2872 praeualuit
536 2787 637 2872 pietas
661 2790 693 2851 et
714 2790 851 2852 mortem
873 2788 939 2851 uite
961 2785 1096 2871 subegit.

340 2890 556 2956 crebrescente
578 2890 640 2955 tide
663 2892 765 2956 uictus
789 2891 935 2956 dilabitur
958 2910 1052 2972 error,
1075 2888 1090 2923 ·“

340 2999 372 3061 55
392 3014 488 3079 prope
512 2997 576 3060 iam
598 2995 694 3061 nullis
717 2997 826 3061 sceleri
848 2996 1003 3078 mortique
1025 2996 1143 3061 relictis

340 3104 406 3165 tota
427 3101 478 3184 pio
501 3099 618 3165 Christi
641 3083 786 3165 consetur
808 3100 935 3165 nomine
957 3100 1068 3181 Roma,

341 3204 478 3269 inridens
501 3204 653 3289 figmenta
674 3204 798 3269 Numae
821 3205 872 3269 551
894 3204 960 3269 iata
983 3203 1129 3288 Sibyllae.

276 3318 315 3372 65
339 3327 473 3391 cumque
496 3309 593 3373 sacris
616 3309 669 3392 pia
691 3309 784 3374 turba
807 3309 903 3373 refert
924 3308 1103 3393 pastoribus
1126 3307 1231 3373 Amen

340 3431 397 3496 per
419 3431 587 3478 numerosa
608 3413 658 3478 dei
679 3414 841 3498 regnantis
865 3414 960 3477 ouilia
981 3414 1109 3478 laetum.

340 3517 486 3582 laudibus
511 3518 630 3582 aeterni
650 3517 768 3583 domini
790 3518 862 3582 ferit
884 3518 1011 3583 aethera
1033 3519 1151 3583 clamor

342 3626 470 3688 sanctus
493 3625 525 3687 et
547 3623 672 3686 incusso
696 3621 849 3705 Capitolia
872 3622 1007 3687 culmine
1031 3626 1152 3687 nutant.

281 3846 506 3903 4551155551)
575 3850 608 3903 41
628 3864 720 3916 magos
739 3848 768 3902 D
838 3848 906 3917 aine]
928 3849 951 3901 si
969 3850 1027 3903 AD
1096 3850 1130 3903 44
1148 3850 1318 3916 notanturque
1336 3846 1379 3903 Αι

238 3950 317 3989 cauas
329 3935 557 4003 auauagasa'
605 3937 733 4002 48utr1ue
746 3935 898 4004 AE‚atqua
914 3934 1169 4005 (ainrae.m.2D)
1182 3936 1240 3989 AD
1291 3937 1380 3991 luer-

239 4018 357 4091 aerffret
374 4022 405 4075 D
465 4025 499 4077 50
517 4020 598 4090 opida
614 4024 639 4073 A
697 4036 782 4091 parua
799 4022 827 4075 A
892 4024 924 4077 51
944 4024 1076 4091 martyras
1095 4022 1157 4091 ΔΕ,
1174 4024 1305 4091 martyres
1323 4021 1380 4076 AD

239 4111 268 4162 at
285 4108 346 4175 ΔΕ,
365 4107 399 4161 ad
417 4109 475 4163 AD
531 4108 602 4178 ipsos
621 4106 684 4161 deus
702 4109 760 4162 AD
813 4110 846 4163 53
864 4109 958 4163 totaA
1010 4112 1043 4165 56
1063 4108 1181 4164 uitisA¹
1235 4112 1269 4165 58
1287 4111 1380 4163 satana

241 4195 305 4263 AD,
323 4195 493 4251 sathaneeE
542 4194 661 4249 tenerill
714 4197 746 4250 61
765 4193 930 4249 crebrescent
942 4197 1000 4252 AD
1052 4195 1186 4250 delabitur
1199 4196 1229 4249 Ε
1279 4198 1379 4251 62555-

239 4281 339 4350 lerique
361 4283 420 4337 AD
489 4284 522 4337 64
545 4281 655 4352 sybillae
673 4282 762 4337 ΑΗΕ
834 4284 867 4338 65
891 4282 972 4337 refert
995 4284 1031 4353 Ε,
1054 4284 1107 4337 fert
1125 4281 1379 4351 55155555.

240 4370 273 4424 66
291 4367 376 4422 laetus
394 4366 440 4423 1>¹
491 4368 742 4425 6815551555οηὶ,
762 4370 837 4423 Mser.
