3217 4950
609 467 737 506 carmen
755 451 801 516 vl,
822 455 932 510 11—70.

243 635 282 688 40
306 627 425 692 adstitit
447 645 484 691 ac
506 629 593 692 ueste
616 628 760 711 insignis,
784 627 971 692 uenerabilis
994 647 1047 692 ore

305 749 337 795 se
360 731 446 796 caelo
468 731 601 796 missum
624 732 776 814 uultuque
799 732 969 814 habituque
992 732 1146 816 probauit,

304 839 372 900 tum
396 836 558 900 55551515
582 837 661 902 15155
684 837 800 902 laxauit
822 842 948 920 pectora
971 856 1078 902 uoces:

303 941 419 1024 accipe,
443 941 571 1006 55515511
594 941 719 1006 domino
742 941 853 1006 dilecte
876 943 1030 1024 accendor,

304 1045 424 1109 aeterni
446 1045 594 1109 mandata
617 1045 676 1125 dei,
700 1047 750 1110 cui
772 1063 846 1110 eura
869 1048 992 1129 piorum

241 1157 280 1210 45
304 1153 453 1232 perpetua
476 1153 534 1230 551,
558 1150 639 1234 iugis
662 1151 716 1232 qui
738 1167 816 1232 puro
838 1151 870 1214 15
894 1155 1018 1234 pectore
1040 1154 1145 1216 555155
1231 1180 1234 1185 >

304 1255 469 1318 emeritum
492 1254 609 1319 5555115
630 1255 799 1337 inpendere
824 1255 918 1319 sciuit
940 1273 1089 1321 amorem.

303 1375 340 1420 55
361 1358 503 1440 primum
521 1376 620 1442 genus
644 1359 694 1422 hic
717 1360 853 1423 extincto
877 1360 997 1424 semine
1020 1377 1082 1424 555
1105 1360 1176 1425 5511

303 1461 458 1526 interiisse
482 1465 571 1526 tuum
596 1463 789 1544 fecundaque
814 1464 935 1527 uiscera
957 1463 1031 1528 fecit

303 1565 452 1649 coniugia
477 1566 570 1630 effeto
593 1585 672 1649 quae
693 1567 757 1631 iam
781 1567 979 1632 5555515115
1002 1585 1089 1632 5555.

243 1677 282 1732 50
305 1687 358 1734 cur
381 1674 487 1734 tamen
511 1670 687 1751 addubitas,
712 1672 837 1735 mortali
860 1674 895 1735 15
919 1689 1041 1754 quoque
1064 1691 1169 1754 55555,

303 1775 409 1838 omnic
431 1793 522 1857 posse
546 1776 660 1839 deum?
684 1777 739 1840 sed
763 1775 880 1857 credeS,
904 1776 957 1841 ille
979 1775 1133 1860 probabit.

304 1881 449 1942 nascetur
470 1879 582 1962 dignus
605 1883 693 1943 tanto
717 1897 866 1963 sponsore
888 1879 1000 1945 beatus

303 1987 532 2066 perpetuusque
555 2003 642 2066 puer,
665 1984 718 2066 qui
741 1984 843 2066 primo
865 1984 1008 2067 protinus
1031 2001 1109 2050 5555

303 2089 333 2150 15
357 2088 455 2152 maior
477 2105 581 2151 sacres
605 2087 721 2152 inuicto
744 2090 776 2152 in
798 2093 923 2171 pectore
946 2089 1029 2153 uires

242 2197 280 2250 55
304 2191 437 2256 auctoris
461 2192 541 2256 dono
563 2193 635 2275 plus
658 2203 753 2274 quarn
775 2193 925 2276 genitoris
948 2193 1086 2257 habebit.

301 2312 467 2376 5555555,
492 2299 565 2360 5515
589 2313 667 2379 quae
689 2298 791 2379 prima
814 2297 967 2361 uocabula
988 2315 1096 2381 ponas,

301 2399 423 2464 arbitrii
446 2401 583 2484 iurisque
607 2401 652 2465 tui
675 2405 737 2476 est3
761 2402 837 2466 deus
861 2402 927 2486 ipse
950 2402 1088 2485 prolecto

303 2506 356 2585 qui
379 2505 463 2569 55551
486 2505 574 2570 iubet
595 2506 678 2571 hunc
701 2506 784 2569 idem
807 2506 895 2571 iubet
917 2524 986 2571 5555
1008 2508 1190 2573 Iohannem.
1228 2511 1231 2515 '

302 2610 437 2673 55551515
460 2610 510 2674 hic
533 2610 654 2691 titulus,
678 2612 861 2675 meritorum
882 2612 1026 2677 15555555
1047 2629 1194 2696 propago,
1255 2614 1259 2619 '

239 2720 279 2774 60
303 2731 383 2795 quae
405 2715 540 2779 necdum
562 2716 668 2799 genito
691 2715 794 2797 potuit
815 2734 1018 2799 praenoscere
1041 2717 1126 2781 55155

302 2818 354 2900 qui
376 2818 464 2883 dabit
485 2824 516 2883 et
539 2823 627 2885 tanto
649 2820 765 2885 tribuet
788 2819 847 2885 tibi
868 2820 984 2905 gauffle
1006 2824 1089 2885 nato.

301 2940 358 2986 nec
380 2936 454 2987 uero
477 2923 594 2988 tribuet
618 2912 742 2989 tantum
765 2924 834 3005 tibi,
857 2925 956 3008 gloria
976 2942 1077 3008 parua
1099 2929 1147 2990 551

300 3026 382 3091 intra
403 3046 498 3092 unam
522 3029 669 3093 55551555
692 3030 835 3103 domum;
859 3030 915 3093 sed
937 3032 1073 3112 quantun
1096 3029 1135 3095 ab
1161 3034 1231 3094 ortu

301 3130 439 3196 tenditur
461 3132 493 3196 15
516 3150 604 3197 serae
627 3132 716 3197 115115
739 3134 923 3216 crepuscula
944 3134 1034 3215 15515,

237 3242 277 3297 65
300 3236 385 3299 15155
404 3236 493 3318 prole
517 3242 571 3301 tua
594 3240 698 3301 tecum
721 3236 890 3301 loetabitur
910 3237 1004 3302 orbis.

300 3339 375 3421 quid
399 3340 536 3405 mirum?
559 3344 672 3405 cuncta
694 3342 842 3407 uitiorum
864 3343 950 3406 faece
973 3342 1100 3423 carebit,

300 3444 470 3509 caelestem
493 3446 608 3511 ducens
632 3447 700 3511 5155
722 3446 793 3511 labe
817 3449 850 3510 et
871 3446 1001 3511 crimine
1023 3447 1133 3528 uitam,

300 3566 416 3613 555555
440 3566 568 3615 seruans
592 3550 747 3615 abstemie
768 3554 894 3633 pectore
916 3552 990 3615 uino

299 3653 467 3735 omniaque
490 3654 613 3719 5511555
636 3655 811 3719 malesuadi
832 3656 944 3737 pocula
966 3656 1043 3736 5551,

237 3762 277 3818 10
300 3774 433 3839 cumque
456 3758 619 3823 hominum
641 3760 749 3843 generi
771 3760 823 3823 uel
845 3762 916 3842 poet
938 3763 1041 3824 errata
1063 3760 1198 3825 salutem
1266 3833 1269 3839 ¹

239 3976 270 4029 41
293 3972 419 4043 abitoque
437 3974 561 4045 probabit
578 3976 611 4032 N
615 3976 625 4007 ¹
686 3978 721 4031 42
738 3975 839 4030 laxabit
855 3975 888 4031 N
892 3975 902 4008 ¹
963 3978 1084 4045 pectorae
1101 3976 1135 4031 N
1138 3976 1148 4007 ¹
1205 3979 1240 4032 46
1258 3976 1337 4030 sciuit

189 4102 228 4142 cx
246 4088 333 4141 555511
343 4087 376 4143 N
385 4092 451 4144 cc2
496 4090 529 4143 47
543 4088 642 4143 extinto
655 4090 687 4143 N
719 4090 754 4145 48
771 4088 893 4142 interisse
909 4090 943 4143 N
988 4055 1154 4160 fecundaque
1171 4088 1203 4158 (⁰⁸
1218 4107 1253 4144 m.
1265 4088 1339 4165 th

190 4202 230 4255 49
249 4166 342 4268 effecto
359 4202 527 4269 (5515552)
544 4202 577 4257 Ν
628 4199 757 4256 5555515511
775 4202 809 4256 N
811 4200 822 4233 ²
873 4202 909 4257 54
927 4200 1013 4254 molor
1030 4202 1064 4257 N
1113 4204 1146 4257 59
1164 4201 1275 4255 reminis
1290 4202 1323 4257 N
1326 4200 1336 4232 ¹

190 4290 230 4343 60
244 4287 459 4357 meditulium,
477 4288 495 4341 51
508 4288 541 4344 N
581 4290 613 4344 61
626 4286 763 4358 tantffl
800 4290 834 4343 64
848 4288 1029 4357 5555511555,
1048 4288 1151 4343 sereN
1191 4288 1293 4344 661555
1307 4288 1340 4343 Ν

189 4402 231 4456 68
250 4416 362 4454 uaesano
380 4402 413 4456 N
463 4403 496 4457 69
515 4402 672 4470 omniaque
691 4404 717 4454 et
735 4400 825 4455 nitens
843 4402 875 4455 N
931 4368 988 4453 eu⁰ci
1005 4401 1025 4468 (⁰
1041 4419 1074 4455 m.
1087 4400 1115 4469 2)
1133 4402 1166 4455 N
