3217 4950
575 482 702 521 osrmen
719 466 791 529 xxi,
803 468 949 524 599-666.

295 645 326 707 et
348 642 476 725 dignum
498 642 632 707 retinere
654 659 730 706 suae
751 641 805 725 pia
826 640 928 705 earnis
951 642 1102 707 honorem

295 762 375 826 ossa,
397 745 512 829 quibus
536 750 663 811 sanatus
686 764 861 827 numquam
884 744 1009 811 desistit
1031 745 1141 811 adesse

295 851 430 934 spiritua,
453 850 537 915 unde
558 852 617 933 piis
641 854 705 915 etat
726 850 831 935 gratia
852 852 927 914 uiua
949 850 1131 933 sepulchris,

294 972 374 1036 quae
396 954 509 1038 probat
529 955 563 1019 in
586 954 710 1021 Christo
732 955 857 1020 innotus
881 956 948 1019 sine
972 958 1072 1021 morte
1095 955 1233 1038 sepultos

213 1065 273 1121 666
295 1058 334 1123 ad
356 1062 480 1142 tempus
502 1060 624 1143 placido
647 1059 742 1143 sopiri
764 1078 893 1143 eorporu
915 1076 1035 1125 somno.

295 1181 367 1247 ergo
388 1163 558 1229 reformato
581 1162 694 1229 Feliois
716 1164 834 1229 honore
856 1163 1014 1247 sepulchri

293 1268 398 1332 omnia
420 1268 553 1333 sollicite
576 1269 699 1333 munita
719 1268 937 1351 relinquimus,
961 1272 997 1333 ut
1018 1268 1081 1333 iam

294 1390 394 1454 usque
416 1372 500 1437 diem
523 1372 653 1452 domini,
676 1389 736 1455 quo
759 1371 867 1437 debita
888 1373 1026 1456 principe
1050 1370 1173 1437 Christo

294 1476 400 1540 eruitis
422 1476 540 1560 pariter
561 1475 698 1541 radiabit
719 1477 819 1560 gloria
841 1478 968 1559 sanetis,

211 1587 272 1642 646
294 1582 478 1645 inoonoussa
499 1598 556 1645 suo
578 1581 776 1663 requiescant
796 1598 869 1645 osea
891 1580 998 1662 nubili,

295 1702 435 1767 quaeque
458 1685 598 1749 animam
621 1688 765 1749 sanctam
787 1688 897 1750 manet
919 1686 952 1749 in
973 1686 1099 1769 regione
1123 1703 1258 1768 superna

293 1806 364 1872 par,
387 1788 497 1855 eadem
520 1790 552 1853 in
575 1794 658 1855 terra
680 1793 788 1854 teneat
809 1788 988 1854 uenerabile
1011 1806 1132 1872 eorpus.

337 1892 411 1975 quid
430 1896 575 1977 superest
594 1894 677 1977 qnod
692 1894 794 1959 adhue
808 1894 964 1959 referam?
988 1894 1078 1975 quasi
1092 1911 1166 1959 uero
1187 1894 1238 1957 uel
1257 1894 1327 1977 ipsa

294 2015 371 2079 quae
394 1998 494 2063 oeoini
516 1998 609 2081 digne
632 1998 782 2063 ediderim
803 1999 856 2062 uel
878 2000 992 2063 ounata
1012 1998 1131 2082 profusi

209 2109 272 2163 645
295 2120 426 2167 munera
447 2102 611 2167 retulerim
633 2102 725 2186 pleno
748 2120 893 2167 sermone
915 2104 1046 2186 patroni.

294 2207 394 2271 multa
414 2207 514 2272 latent
535 2224 677 2288 numero,
699 2208 831 2272 memori
853 2210 960 2271 tamen
983 2206 1089 2271 omnia
1111 2204 1201 2271 nobis

293 2315 417 2393 pertore
439 2311 502 2375 fixa
523 2311 644 2392 sedent,
667 2314 700 2377 et
720 2311 856 2395 plurima
877 2310 941 2375 iam
964 2314 1147 2391 memorata,

293 2414 384 2497 plura
406 2416 501 2482 etiam
524 2415 728 2482 memoranda
751 2418 890 2480 manent.
915 2414 970 2480 sed
993 2414 1131 2480 maxima
1153 2414 1262 2480 multis

294 2520 486 2604 excerpenda
507 2524 615 2586 monet
637 2520 819 2586 moderandi
841 2520 950 2603 regula
972 2517 1053 2586 libri.

207 2629 272 2686 650
295 2624 440 2689 omnibus
463 2625 611 2690 extructis
634 2641 764 2708 opernm
787 2641 867 2706 quae
891 2626 957 2688 arte
981 2623 1125 2689 uidentur

295 2727 425 2792 diuersis
448 2731 570 2794 exstare
592 2728 703 2810 modis,
726 2729 848 2793 excelsu
870 2745 925 2812 per
948 2727 1036 2792 aulae

294 2834 326 2896 et
346 2851 402 2915 per
424 2831 584 2898 uestibulo
605 2833 739 2898 extentis
762 2833 955 2896 oiroumdata
975 2833 1038 2896 late

293 2936 475 3020 porticibus,
499 2937 601 3002 solum
624 2936 720 3002 simul
742 2937 849 3001 omnia
870 2955 985 3002 munna
1009 2953 1162 3018 aquarum

294 3044 376 3105 teon
397 3041 583 3107 uidebantur
605 3041 736 3106 maestis
758 3059 847 3106 orare
870 3041 998 3106 oolonis.

207 3151 272 3208 666
295 3145 400 3228 ipsum
423 3147 529 3228 otiam,
552 3145 663 3228 fateor,
688 3146 820 3228 querula
841 3146 905 3210 iam
928 3163 1005 3210 uooe
1028 3143 1167 3210 solebam
1284 3201 1285 3206 ,

292 3249 430 3315 Felicem
451 3250 595 3316 incusare
617 3269 735 3332 meum,
758 3249 849 3332 quasi
872 3250 1009 3334 segniter
1032 3249 1102 3314 istie

294 3355 427 3419 instaret
448 3356 541 3436 uotis,
563 3355 646 3437 quod
669 3373 769 3437 oquae
791 3355 949 3420 consortia
971 3353 1060 3418 nobis

292 3462 360 3523 tam
381 3460 511 3543 longum
534 3459 619 3524 sooia
639 3462 800 3543 pateretur
822 3457 861 3524 ab
884 3457 961 3524 urbe
984 3459 1100 3542 negari.

293 3581 403 3628 uerum
425 3564 602 3628 ineonaulta
622 3568 825 3647 properantes
849 3568 954 3628 mente
977 3561 1122 3627 trahebat

206 3675 272 3730 666
294 3668 423 3732 oonsilio
444 3668 565 3749 potiore
587 3686 691 3733 moras
713 3669 747 3732 in
769 3671 913 3752 tempora
935 3669 1064 3732 neotens

232 3955 286 4010 664
302 3951 399 4022 probat
415 3955 505 4021 ΑΒΔ,
527 3953 622 4023 probet
637 3955 712 4008 Mor.
782 3952 892 4007 innotus
910 3955 938 4008 A
998 3955 1058 4056 ‘ost
1076 3917 1176 4007 tem'ii
1247 3952 1327 4022 sopiri

184 4067 275 4132 Mar„
298 4067 378 4136 sopiti
399 4067 483 4122 ADA
552 4068 604 4123 640
626 4067 731 4120 incussa
752 4068 779 4121 A
850 4067 901 4121 642
923 4067 1000 4120 tense
1023 4067 1050 4120 A
1120 4066 1170 4121 646
1193 4065 1274 4118 athuo
1297 4066 1327 4119 D

184 4157 239 4210 645
257 4152 409 4208 rettulerim
426 4153 456 4208 D
509 4155 559 4209 647
578 4153 700 4221 atMur„
719 4169 749 4206 ex
761 4153 819 4208 AD
874 4170 914 4208 aa.
928 4154 979 4208 650
993 4157 1058 4221 poet
1075 4153 1126 4207 706
1144 4150 1268 4204 omnibus
1286 4151 1326 4205 in-

183 4240 299 4295 struatis
320 4255 430 4310 operum
448 4255 516 4308 quae
534 4239 619 4294 multu
636 4240 764 4294 uidentur
779 4242 896 4294 iurator
911 4245 943 4293 ut
960 4239 1043 4309 sarilo
1059 4239 1150 4293 uidua
1164 4240 1252 4308 poerit
1270 4255 1326 4294 cor·

181 4329 288 4384 notior
339 4330 390 4384 666
407 4330 464 4382 arte
481 4329 589 4398 ratpot,
607 4329 677 4382 stura
695 4327 752 4382 AD
804 4328 856 4382 652
873 4326 987 4380 extensis
1004 4325 1079 4380 Mor.
1133 4323 1281 4379 airumdate
1299 4326 1326 4379 A

182 4419 238 4472 655
257 4414 384 4483 quaerela
400 4416 428 4469 A

1123 4500 1170 4548 12*
