3217 4950
286 397 352 464 240
620 417 646 471 S.
660 417 791 472 Paulini
810 416 936 472 Nolani
949 418 1095 488 episcopi

396 610 458 656 nen
481 593 586 675 eupiet
606 594 745 677 lapidum
768 593 907 677 pretium
930 612 1032 677 neque
1054 594 1173 659 uellera
1194 592 1305 659 Serum

446 697 479 762 in
502 714 628 762 cassum
649 698 769 763 reditus
792 698 965 782 dilapidare
988 717 1076 773 anes;

395 805 525 866 ornetur
547 804 643 867 eastis
667 804 806 867 animem
830 802 1010 884 uirtutibus
1034 806 1070 869 ut
1093 805 1135 869 sit

448 924 510 972 nen
533 906 686 973 damnem
708 927 775 990 sue,
799 908 855 973 sed
878 908 1015 992 pretiose
1037 909 1113 974 nire

311 1018 350 1073 55
396 1028 533 1093 namque
555 1011 609 1076 ubi
631 1030 798 1096 corporeae
821 1015 947 1078 euretur
968 1012 1068 1097 gloria
1089 1030 1233 1095 pompae,

447 1116 571 1180 uileseit
593 1117 669 1182 uitio
693 1117 886 1200 depretiatus
910 1117 1014 1198 hemo,
1093 1138 1095 1143 ·

396 1223 428 1284 et
450 1220 534 1285 male
557 1240 646 1285 mens
668 1222 759 1304 praui
782 1224 908 1287 neeeeta
930 1221 1059 1287 libidine
1082 1222 1148 1286 neti

448 1325 601 1391 sordeseit
623 1326 729 1390 nitidis
753 1326 890 1409 eorporis
914 1326 1044 1408 exuuiis

396 1446 454 1493 nee
476 1429 573 1495 sentit
595 1448 690 1512 qnam
713 1434 804 1515 turpe
827 1431 921 1495 deeus
944 1434 1033 1515 gerat
1054 1429 1227 1515 improbus,
1251 1433 1287 1495 ut
1309 1430 1351 1495 sit

310 1540 350 1594 60
448 1536 538 1599 neate
561 1552 620 1599 sua
641 1535 739 1601 lenior
762 1536 815 1617 qui
839 1534 897 1599 sibi
920 1538 1009 1600 ueste
1031 1535 1143 1618 plaeet.

396 1637 480 1702 absit
501 1641 536 1703 nt
558 1638 661 1703 ideliei
682 1639 827 1704 uideatur
849 1638 914 1705 filia
936 1640 1056 1723 templi,

448 1743 552 1827 gentis
576 1744 764 1827 apostolieae
785 1744 851 1809 filia
872 1744 956 1809 faeta
978 1744 1080 1825 derne,

396 1864 458 1912 nen
480 1847 560 1911 ineis
582 1849 666 1913 male
689 1848 762 1912 fieta
784 1852 891 1913 eutem
914 1868 1014 1931 neque
1036 1849 1158 1913 lumina
1179 1849 1268 1932 nigre

446 1953 576 2034 pulnere
599 1971 657 2016 nee
678 1952 760 2017 flere
783 1953 882 2018 tinete
903 1954 1005 2019 celere
1027 1970 1160 2019 eemam.

310 2062 351 2117 65
393 2074 508 2138 purum
530 2059 662 2121 naturae
684 2056 779 2121 deens
802 2060 971 2140 aspernata
993 2058 1128 2141 superbe

447 2160 578 2225 erimine
601 2160 745 2226 diuinum
767 2162 800 2226 in
824 2181 857 2226 se
880 2161 938 2227 sibi
963 2161 1093 2227 damnet
1115 2180 1202 2246 opus.

395 2263 512 2329 frustra
534 2264 612 2331 haee
635 2283 668 2329 se
691 2266 803 2331 mulier
827 2266 991 2332 iaetauerit
1013 2286 1082 2331 esse
1103 2266 1261 2351 pudieam,

449 2387 529 2451 quae
552 2388 586 2434 se
608 2374 676 2435 tem
698 2371 792 2435 uariis
816 2375 906 2436 ornat
929 2370 1100 2437 adulteriis.

395 2491 451 2538 nes
476 2477 593 2558 antem,
615 2476 747 2541 iuuenes
771 2476 898 2560 Christi,
920 2477 1021 2562 fugite
1044 2477 1160 2558 emnia,
1184 2493 1317 2560 querum

312 2587 350 2641 ‘10
449 2579 483 2644 in
506 2579 621 2646 damno
643 2581 779 2664 pretium
803 2584 861 2662 est,
885 2600 960 2646 usus
983 2582 1015 2646 in
1037 2581 1177 2647 interitu.

397 2683 513 2748 eredite
537 2683 653 2750 diuinis
676 2685 781 2751 uerbis
804 2685 843 2750 de
866 2685 1001 2752 uultibus
1023 2685 1091 2750 istis

447 2789 611 2871 poenalem
633 2790 753 2874 eupidis
777 2808 905 2874 surgere
928 2790 1106 2866 materiam3

395 2893 505 2957 Esaias
527 2893 628 2978 rigide
650 2894 820 2978 cingendas
842 2898 925 2960 reste
949 2896 1096 2976 minatur,

447 3015 527 3079 quae
550 2998 642 3062 mede
664 2999 830 3082 purpureis
853 2999 953 3064 serien
975 2999 1073 3064 mixta
1091 3003 1216 3083 gerunt,

311 3109 350 3164 75
397 3119 477 3184 quae
499 3103 622 3168 tunicas
646 3107 729 3169 estre
751 3103 864 3169 rutiles
888 3121 1024 3186 aureque
1048 3107 1211 3186 crepantes

447 3206 538 3272 fluxis
561 3208 655 3273 talari
677 3207 739 3274 fine
760 3208 893 3273 trahunt
915 3209 1050 3285 sinibus3

395 3312 523 3376 funibus
546 3312 703 3378 accinetae
726 3331 832 3378 aeneos
856 3315 922 3379 sine
945 3313 1006 3378 fine
1029 3317 1173 3399 gerentes

447 3417 579 3502 grandia
599 3418 723 3502 pistrini
745 3436 868 3486 earcere
893 3437 967 3482 sare
990 3419 1118 3486 melent.

391 3633 436 3703 re]
455 3633 509 3702 (ns.
522 3635 546 3699 a,
559 3634 611 3703 24).

330 3853 362 3906 51
382 3817 501 3919 preti¹p¹r
558 3866 642 3919 neque
661 3869 704 3922 pe,
722 3867 776 3906 nen
795 3853 886 3908 Sedet.
944 3849 1041 3906 uellere
1060 3869 1108 3922 pa·
1129 3869 1177 3907 ern.
1196 3852 1286 3908 Sedet.
1344 3835 1432 3908 ser't's

287 3939 321 3993 53
339 3938 458 3992 animem
474 3937 574 4009 Ranae„
593 3939 683 3992 anima
699 3956 742 4010 qe,
761 3939 867 3993 enimus
886 3940 975 3996 Sciret.
1043 3941 1076 3995 55
1095 3939 1200 4008 iamque
1218 3937 1255 3991 ibi
1274 3953 1432 4009 corporeae

286 4028 395 4079 enrntrr
413 4027 513 4095 Sedet,
532 4011 636 4097 euatg,
659 4029 788 4080 curentur
809 4044 823 4082 a
901 4041 1034 4096 pempep
1122 4029 1156 4082 56
1173 4025 1322 4083 uitio-58
1341 4025 1432 4080 sorde

285 4113 430 4184 saitem.p
475 4113 576 4182 nitide,
593 4114 680 4184 pretio
695 4114 784 4171 Sciant.
833 4113 998 4183 depretiatur
1015 4131 1102 4183 e;em.
1118 4115 1207 4171 Sedet.
1262 4115 1296 4169 57
1316 4116 1432 4169 eetetan

286 4202 320 4256 58
337 4200 483 4256 exsuniise
544 4203 576 4256 61
596 4200 729 4272 ideliepq
784 4204 819 4256 63
837 4201 1015 4272 malefacteq
1067 4202 1109 4255 eui
1129 4201 1200 4254 enim
1219 4218 1243 4271 p,
1262 4200 1305 4254 eui
1325 4203 1367 4255 est
1385 4217 1432 4255 ne-

286 4303 434 4356 quesmn.
448 4289 537 4343 Sciret.
585 4287 690 4342 lumina
701 4287 777 4356 uirgo
790 4306 838 4358 pe,·
849 4305 896 4344 em.
911 4289 1001 4344 Sedet.
1055 4289 1089 4344 65
1102 4303 1245 4358 superneq
1299 4289 1432 4344 (td-240

286 4392 336 4436 nne.
349 4393 385 4444 qr
438 4377 470 4429 77
489 4378 612 4441 gerentes
630 4376 729 4440 Borea,
747 4378 884 4443 gementes
904 4375 994 4432 Sedet.
