3217 4950
651 461 830 517 Praelatio.
1179 455 1309 511 XXXVII

169 640 233 716 Qui
254 650 374 704 cuncta
393 639 478 726 repis
497 637 502 726 Ι
521 637 563 702 Et
582 635 742 724 pubernao
758 636 877 718 omniu,
898 639 1047 700 secuntur
1062 635 1083 698 1.
1103 631 1182 696 116¹
1199 651 1310 697 uersus

168 748 294 814 Paulini
317 748 354 812 de
377 747 490 812 Hordeo
513 746 601 810 duco.
637 744 777 810 carmina
798 747 905 807 autern
928 742 983 807 illa
1004 758 1066 806 nou
1090 745 1165 805 sunt
1185 738 1310 819 Nolani,

169 853 222 918 sod
238 852 364 916 Paulini
379 851 600 934 Aquileiensis,
617 851 711 932 atque
726 849 813 931 prius
829 850 930 911 exstat
948 847 1138 929 impressum
1152 845 1185 908 iu
1199 844 1312 908 Patro·

169 958 269 1042 logias
284 956 400 1021 latinae
416 959 491 1020 torn.
508 952 749 1019 LXXXXVIIII
764 971 794 1034 p.
812 949 885 1032 683,
909 951 1045 1015 alterum
1060 954 1167 1014 autem
1183 967 1201 1014 a
1216 948 1309 1013 Beru.

171 1061 260 1126 Penio
284 1062 318 1126 in
338 1060 497 1125 Thesauro
521 1057 743 1123 anecdotorum
768 1055 937 1121 nouissimo
960 1053 1056 1138 (Aug.
1073 1053 1165 1118 Vind.
1185 1050 1312 1115 1121-

174 1163 269 1249 1129)
301 1184 338 1230 ex
368 1164 471 1229 codice
502 1161 719 1227 Lemouicenri
748 1163 767 1224 i.
789 1180 817 1224 o.
838 1160 898 1224 hoc
924 1160 992 1243 ipso
1019 1158 1160 1223 Parisino
1192 1157 1311 1222 editum

171 1271 293 1354 legitur.
331 1268 485 1352 hymnum
514 1267 551 1330 de
579 1265 695 1331 Lazaro
723 1266 762 1330 ad
790 1267 933 1330 nostrum
960 1263 1130 1328 Paulinum
1156 1279 1219 1326 non
1241 1279 1311 1345 per-

173 1377 268 1440 tinere
296 1373 362 1438 iam
386 1372 550 1438 Chatelain
578 1371 613 1454 (l.
634 1389 660 1435 c.
681 1391 711 1454 p.
727 1369 784 1454 40)
812 1370 1044 1435 obseruauerat.
1082 1385 1182 1450 neque
1210 1367 1312 1450 magis

172 1480 208 1544 ad
223 1479 394 1544 Paulinum
409 1476 566 1542 Nolanum
588 1475 748 1558 portinent
770 1493 850 1558 quae
873 1475 905 1538 in
928 1473 1033 1538 codice
1051 1471 1194 1536 Parisino
1217 1489 1311 1536 uouu.

174 1602 238 1666 aeq.
258 1580 342 1646 1632
365 1581 465 1664 (Libri
488 1580 545 1662 41)
562 1581 631 1645 sX
660 1579 832 1644 secundum
860 1579 1038 1662 catalogum
1062 1576 1115 1659 (cf.
1130 1577 1166 1640 L.
1182 1576 1312 1658 Delisle,

174 1685 349 1773 Cululopnc
376 1686 431 1750 dn
456 1683 653 1748 manuscrits
680 1683 734 1746 des
750 1682 854 1770 fonds
876 1680 970 1746 Libri
992 1691 1022 1746 ct
1042 1680 1193 1763 Barroia,
1221 1681 1312 1746 ParIs

176 1791 269 1875 1888)
293 1793 360 1856 eius
382 1809 450 1854 esse
469 1789 628 1854 uidentur:
654 1789 675 1853 1.
694 1787 752 1852 10“
770 1786 936 1851 Pauliana
956 1786 1001 1850 ad
1020 1784 1177 1851 Carnium
1195 1807 1313 1873 nepum

174 1896 283 1960 Moneo
307 1903 528 1958 te-tertntnn
568 1893 647 1956 Item
669 1893 726 1977 qni
749 1913 853 1978 snpra
876 1893 914 1956 de
936 1889 1131 1956 rectoribus:
1164 1889 1313 1954 Primum

175 2011 216 2063 eet
230 1996 565 2084 qnod—obliuionem.
588 1997 754 2061 Paulinus
769 1996 898 2060 Nolano
917 1996 1002 2060 aedis
1022 1995 1078 2082 cpi
1097 1996 1143 2061 ad
1157 1994 1314 2061 Garolann

175 2103 406 2189 imperatorem.
429 2101 571 2188 Enpedit
594 2099 888 2186 tibi—triumphes.
920 2101 1071 2184 epistulae
1094 2106 1169 2166 sunt
1187 2103 1314 2169 Paulini

176 2209 381 2290 Aquileiensis
406 2211 499 2290 atqua
519 2208 657 2290 primum
680 2225 699 2272 a
720 2205 849 2270 Baluzio
872 2207 905 2272 iu
928 2207 1060 2273 MIscell.
1076 2225 1107 2290 p.
1124 2205 1188 2270 362
1211 2207 1312 2290 (Paris

180 2311 271 2397 1618)
291 2332 328 2377 er
351 2315 456 2377 uetere
484 2313 588 2376 codice
613 2331 671 2377 ms.
689 2312 856 2376 clarissimi
879 2313 938 2377 uiri
959 2312 1114 2396 AgmonIs
1137 2330 1157 2376 a
1179 2311 1313 2395 Campo-

176 2417 270 2503 burgo
298 2417 503 2483 antecessoris
526 2417 690 2483 Aureliani
712 2417 731 2481 i.
750 2435 776 2481 e.
795 2435 830 2481 er
854 2420 961 2483 nostro
988 2417 1092 2483 oodIoe
1115 2416 1216 2483 editae
1238 2421 1313 2483 aunt

177 2520 226 2603 (cf.
249 2522 359 2607 MIgne
382 2520 624 2587 LXXXXVIIII
646 2522 703 2587 ool.
720 2520 785 2585 503
801 2519 884 2604 sqq.)

707 2766 775 2840 ΠΙ.

217 2940 320 3005 Pauca
340 2941 377 3005 da
398 2941 585 3006 editionibus
605 2940 768 3005 additurus
788 2959 870 3021 sum,
893 2958 971 3024 quas
990 2940 1056 3004 Iam
1074 2941 1106 3003 iu
1122 2941 1314 3024 praefatione

180 3045 235 3109 uol.
251 3045 407 3110 XXVIIII
423 3046 604 3110 enumerari
625 3050 656 3110 et
672 3045 834 3127 descripsi:
845 3038 932 3109 'nam
953 3044 1104 3127 epistulas
1124 3045 1168 3110 ibi
1182 3048 1314 3130 respexi,

180 3166 237 3213 non
249 3150 396 3213 carmina.
415 3150 508 3214 editio
519 3150 614 3233 igitur
626 3150 768 3214 Parisios
780 3168 807 3213 a.
823 3147 904 3212 1616
917 3148 969 3232 (el.
982 3150 1080 3233 praef.
1093 3150 1113 3214 l.
1124 3168 1150 3213 o.
1162 3170 1193 3234 p.
1206 3151 1312 3236 XXII)

180 3256 246 3334 post
266 3272 381 3318 uersus·
402 3254 439 3318 od
462 3254 597 3334 Ionium,
628 3272 706 3336 quos
737 3258 773 3318 ut
803 3254 1009 3336 epistularum
1040 3254 1237 3319 corollarium
1264 3274 1316 3320 oo-

182 3356 258 3421 dIces
275 3358 419 3424 exhibere
443 3359 590 3439 uidimus,
614 3360 755 3423 carmina
769 3358 903 3422 Ausonii
927 3357 965 3422 ad
980 3357 1151 3444 Paulinum
1167 3359 1314 3425 adnectit.

182 3495 390 3562 f.cxcv111⁰
421 3495 609 3582 Sequuntur
639 3497 789 3561 carmina
811 3495 952 3560 Ausonii
981 3496 1026 3560 ad
1051 3496 1204 3560 Pontium
1229 3497 1315 3563 Pun-

285 3600 390 3664 linnm
408 3601 466 3685 qni
486 3624 530 3663 nn
550 3601 604 3664 hic
623 3600 708 3665 idom
731 3602 775 3665 eit
798 3600 909 3665 uisum
932 3610 977 3665 eet
1000 3600 1038 3665 in
1056 3601 1167 3687 pnmo
1189 3611 1316 3688 qnater-

284 3704 378 3768 nione
395 3715 470 3791 post
493 3702 668 3769 Crinitum.

183 3843 202 3905 1.
218 3844 340 3910 CXCIX
365 3842 531 3907 Ausonius
553 3843 667 3907 Pontio
690 3844 834 3909 Paulino
858 3866 931 3908 cnut
952 3844 1010 3908 ille
1032 3844 1170 3908 connect
1187 3866 1315 3929 pocena-

283 3950 352 4013 tion
367 3948 516 4013 uorsibus
527 3949 687 4035 plurimis
703 3950 741 4014 cle
756 3948 885 4036 rupidus
901 3972 939 4013 nn
953 3949 1147 4035 Tranquillo
1163 3948 1314 4013 collectio.

243 4052 440 4118 Condidcrnt
462 4052 530 4117 iarn
552 4052 631 4117 solio
653 4054 710 4136 (=
732 4055 851 4119 Auson-
867 4054 903 4118 u.
923 4053 976 4138 19)
999 4090 1042 4100 —-

184 4193 203 4255 1.
220 4192 266 4258 CO
278 4192 420 4256 Paulino
431 4192 614 4257 Ausonius:
629 4203 765 4257 metrum
776 4192 825 4257 ric
836 4193 943 4256 onoait
955 4194 1011 4277 (=
1022 4194 1142 4258 Ausou.
1156 4192 1191 4257 u.
1205 4191 1260 4277 20)
1272 4230 1314 4240 -—

243 4296 406 4361 Ausonius
428 4296 572 4361 Paulino
594 4318 651 4360 sno
674 4297 812 4361 sulutem
833 4296 925 4362 dicit.

244 4398 369 4474 Qucum
391 4423 439 4465 me
462 4400 572 4489 affecit
594 4399 742 4485 beneficio
765 4402 823 4486 (=
845 4402 1087 4482 Auson.E.21,
1107 4402 1138 4489 1)
1159 4438 1203 4449 --
