3217 4950
736 447 914 503 Praefatio.

459 641 556 704 quom
579 619 631 683 tui
652 620 777 684 dodran
795 621 918 708 populi
933 620 1085 708 fatipoat

561 734 650 788 noeto
673 725 786 810 dieque

460 838 488 892 to
510 838 715 915 reposcentes,
738 839 775 892 rot
797 852 875 918 aper
897 831 1049 895 huondio
1103 807 1112 824 Ι

458 955 530 998 onan
552 934 634 998 ealle
656 933 789 1000 imbrem
812 935 884 999 sitit
906 942 965 1002 eto.

251 1092 307 1155 hos
331 1095 478 1174 quattuor
500 1091 691 1177 Vpraebet:

455 1269 562 1335 perpe,
585 1248 714 1333 Niseia,
739 1247 813 1313 borao
835 1271 901 1334 qna
922 1271 1106 1314 recursus

459 1375 632 1439 prosperos
655 1351 785 1418 Christo
809 1353 979 1418 comitante
1001 1355 1124 1439 docio,

459 1457 575 1521 donec
598 1467 728 1544 optato
747 1459 924 1544 patrium
946 1459 1110 1524 uetanis

563 1561 662 1626 lotos
684 1562 733 1626 oui
755 1559 892 1627 urbem.

252 1718 360 1782 eadem
388 1718 524 1799 lieentia,
557 1719 677 1800 quain
707 1719 851 1784 uooahuli
878 1721 1041 1784 iteratione
1069 1721 1202 1784 fortasse
1231 1720 1391 1785 offendens

251 1821 557 1886 recurrie-owrsoo
577 1823 609 1887 in
629 1823 920 1886 recursus—doeio
940 1824 1022 1889 male
1042 1825 1185 1907 mutauit,
1209 1825 1273 1888 alia
1296 1825 1392 1889 etiam

252 1928 392 2008 nouauit,
412 1929 501 1992 uolut
520 1925 595 2008 231,
615 1927 669 1992 ubi
689 1927 726 1992 de
745 1927 920 1993 latronibus
939 1929 1068 1994 Nioetae
1089 1930 1228 1994 doetrina
1248 1930 1392 1993 correctis

251 2050 353 2097 sermo
377 2035 435 2113 eat,

457 2188 586 2274 praeda
600 2187 644 2272 fit
666 2188 788 2252 sanetis
810 2199 904 2252 oetas
926 2189 985 2254 illo
1002 2189 1138 2276 praedo,

461 2302 490 2355 et
511 2293 606 2379 perurit
628 2293 734 2356 nereio
756 2293 921 2358 homicida
943 2293 1082 2378 domnis,

460 2397 547 2461 inore
569 2397 741 2462 nudatus
763 2397 923 2485 spoliante
946 2396 1075 2461 Christo

563 2502 712 2565 criminis
736 2502 839 2566 armis

252 2678 434 2744 oxymornm
456 2658 734 2745 inre—apolinario
754 2658 884 2723 Clio-{eto
907 2661 934 2724 V
958 2660 1085 2724 sustulit
1107 2661 1283 2744 reponendo
1306 2660 1393 2723 dom

253 2764 444 2828 innodatus.

296 2920 396 3006 Supra
415 2919 592 2985 Schenkelii
612 2920 792 3005 opinionem
812 2921 1065 3001 eommomorani,
1089 2922 1141 3004 qui
1164 2922 1340 2986 scholarum
1361 2922 1393 2985 in

254 3044 345 3090 usum
369 3024 515 3089 Vossiani
541 3025 696 3109 syllogam
726 3026 905 3091 institutam
935 3025 1033 3089 fnisse
1065 3026 1249 3109 suspiratur.
1291 3044 1394 3091 nonne

253 3131 309 3195 tali
339 3130 468 3194 oonsilio
499 3130 663 3194 breuiandi
694 3131 833 3195 studium
862 3131 980 3213 optime
1011 3130 1204 3213 explicatur?
1246 3131 1301 3195 sed
1331 3147 1392 3195 non

255 3236 356 3299 solurn
388 3234 420 3298 in
452 3234 510 3298 hoo
541 3234 678 3299 earmina
705 3234 850 3299 Vossiaui
882 3234 1051 3300 auotoritas
1079 3238 1225 3317 suspecta
1252 3238 1308 3315 est,
1339 3233 1393 3297 sed

254 3340 348 3403 etiarn
372 3341 403 3403 in
432 3338 511 3419 aliis,
539 3338 593 3403 ubi
621 3357 693 3403 oum
716 3336 743 3399 O
765 3340 938 3423 comparari
959 3342 1074 3422 potest,
1100 3339 1192 3403 huius
1216 3338 1244 3402 ei
1267 3339 1395 3401 sinoeri·

254 3445 302 3507 tas
324 3442 429 3507 oslioit.
459 3443 610 3507 nonnulla
633 3443 699 3507 eius
718 3443 764 3507 rei
785 3443 928 3526 exempla
948 3462 984 3506 or
1004 3461 1030 3506 o.
1049 3439 1090 3505 10
1109 3444 1208 3525 petita
1227 3460 1393 3525 apponam,

254 3546 367 3628 quibus
391 3546 486 3611 etiam
510 3546 641 3611 aliorum
665 3546 806 3611 oodioum
828 3547 906 3611 ratio
929 3546 1080 3610 illustrari
1102 3547 1210 3627 possit.

300 3702 349 3784 10,
363 3700 404 3765 28
417 3701 494 3788 suit
514 3702 579 3766 ieta
599 3703 771 3787 qnondam,
790 3703 931 3767 Ausonio
950 3703 1093 3768 coneedit
1110 3702 1271 3783 PaulinuS,
1292 3711 1394 3765 tecum

423 3806 507 3869 milri
531 3805 705 3871 concordia

475 3932 594 3975 nouare
615 3910 730 3974 Musae
752 3910 891 3973 nomina

415 4012 582 4099 fandique
603 4036 721 4077 munao
742 4036 873 4079 monere
895 4013 1063 4078 indultum
1085 4013 1139 4077 dei

473 4128 580 4205 petere
603 4142 618 4181 e
640 4118 823 4182 nemoribus
846 4129 905 4182 aut
927 4118 1024 4204 iupis.

254 4274 311 4338 NV
329 4274 476 4338 exhibent
496 4297 511 4337 e
529 4274 573 4358 (et
589 4275 616 4340 V
629 4295 670 4339 m.
689 4273 722 4359 2)
740 4273 836 4361 fonte
858 4272 1050 4354 sessoribus,
1073 4276 1131 4339 Hn
1140 4273 1235 4359 fonte
1257 4297 1391 4353 umore,

255 4379 378 4459 utrique
401 4386 509 4463 eontra
531 4384 665 4444 metrum
689 4398 817 4444 uersum
840 4380 1074 4462 interpolantes.
