3217 4950
272 403 334 470 156
604 422 630 475 S.
648 421 779 476 Paulini
798 422 918 476 Nolani
937 422 1084 491 episcopi

374 598 520 679 desidiae,
543 598 689 681 quamuis
712 615 781 662 sero
804 598 955 663 eomitata
976 597 1131 683 profectos

375 702 523 786 obsequio
545 703 710 768 dominos?
733 706 819 786 patet
843 702 1026 767 admirabile
1050 706 1226 767 monstmm

374 808 503 874 eaelesti
526 808 646 873 dieione
669 808 779 873 datum
802 810 890 872 tanto
915 808 978 872 suis
1002 824 1087 888 aueo,

291 920 352 976 375
376 912 462 977 solus
484 916 521 977 ut
542 914 603 978 iret
623 913 683 978 iter
705 913 846 997 longum,
869 915 1019 995 tantoque
1043 912 1140 977 fuisse

374 1017 499 1101 ingenio
521 1035 661 1101 pereum,
684 1018 798 1101 ignotis
821 1021 857 1082 ut
878 1018 1004 1082 tramite
1026 1020 1124 1082 reete

376 1121 524 1205 dirigeret
550 1122 670 1205 spatiis.
699 1122 772 1205 quid
799 1124 832 1187 et
858 1121 917 1187 hoo
940 1139 1035 1204 quam
1057 1120 1186 1206 grande,
1214 1120 1296 1204 qued
1323 1120 1411 1185 illum

376 1225 703 1291 Transbeneuentanis
725 1225 787 1290 hue
810 1225 926 1291 fluibus
949 1225 1181 1306 aduenientem,

375 1331 501 1415 publiea
523 1350 579 1395 seu
601 1318 695 1395 medii
718 1350 752 1396 se
775 1334 875 1396 strata
897 1350 953 1415 per
976 1328 1099 1415 aggeris
1124 1329 1223 1395 audax

292 1443 354 1500 380
377 1435 508 1517 miserit,
531 1453 679 1501 emersus
701 1454 858 1519 nusquam
882 1452 991 1519 eepare
1013 1434 1205 1517 frequenteS,

377 1540 445 1604 siue
467 1559 523 1624 per
545 1541 683 1605 oeeultos
707 1541 772 1624 egit
793 1541 928 1625 uestigia
950 1541 1059 1621 saltus,

376 1644 463 1709 nulla
484 1662 598 1709 manus
621 1644 713 1726 ferro,
736 1644 804 1708 fera
826 1645 877 1710 uel
901 1644 961 1709 fuit
983 1642 1077 1709 obuia
1100 1660 1216 1708 morsu.

376 1767 457 1831 quae
480 1749 582 1813 selum
605 1748 692 1813 duxit
714 1766 827 1815 manus
850 1752 906 1813 aut
928 1748 1062 1833 proterit
1084 1750 1234 1812 euntem?

376 1872 490 1937 nempe
512 1854 618 1917 oeulos
641 1853 747 1934 aliqua
769 1854 888 1918 aelatus
912 1852 994 1918 nube
1017 1852 1129 1917 fefellit

293 1966 354 2023 385
379 1963 450 2023 aare
473 1958 525 2023 uel
547 1961 656 2041 raptus
679 1961 773 2023 uento
797 1976 889 2041 mage
912 1976 1007 2041 quam
1029 1957 1109 2041 pede
1131 1956 1220 2021 uenit

379 2066 410 2128 et
432 2061 537 2127 subita
557 2062 730 2146 hospitium
753 2062 872 2127 domini
894 2062 1040 2146 delapsus
1064 2060 1103 2127 ab
1128 2078 1203 2125 aura

379 2168 521 2233 eonstitit
542 2168 647 2251 ignoto
670 2185 725 2251 pro
747 2168 856 2233 limine
880 2168 1056 2251 quadrupes
1078 2167 1203 2249 hospes.

421 2272 524 2337 dieam
546 2272 631 2337 aliud
653 2291 749 2356 prope
772 2273 868 2337 uieini
890 2272 1032 2337 mirabile
1056 2270 1146 2356 signi.

379 2395 453 2441 nam
476 2396 590 2461 genere
612 2376 804 2459 abiunetam,
827 2396 922 2461 peeus
946 2377 1128 2458 armentale,
1151 2376 1316 2441 inneneam

294 2490 356 2546 390
381 2482 508 2565 quidam
529 2483 674 2548 homines
698 2501 796 2566 aeque
820 2483 992 2567 longinqua
1013 2483 1074 2546 huo
1098 2481 1170 2547 sede
1192 2480 1323 2565 preteeti

379 2592 533 2653 secretam
556 2588 658 2672 primo
681 2588 828 2652 laetantis
852 2587 890 2652 ab
913 2587 1009 2653 ubere
1033 2587 1142 2651 matris

379 2693 555 2759 nutrierant
577 2693 690 2758 nestris
713 2693 819 2758 uotiuo
843 2711 972 2757 munere
994 2695 1120 2776 paetum

379 2797 578 2883 pauperibus,
601 2816 717 2882 magna
738 2816 817 2881 quos
839 2797 910 2862 istie
932 2797 1024 2880 plebe
1047 2798 1171 2862 coaetos

379 2904 468 2988 larga
490 2921 547 2986 ope
570 2903 742 2967 multorum
765 2903 878 2968 Felieis
900 2902 1002 2985 gratia
1024 2900 1134 2985 posuit.

295 3016 357 3072 395
380 3025 454 3092 ergo
477 3008 532 3072 ubi
554 3009 618 3072 iam
640 3007 790 3072 membris
814 3007 915 3072 uitula
937 3005 1098 3071 exultabat
1120 3005 1245 3087 adultis,

380 3113 464 3177 laeta
485 3132 541 3196 per
563 3117 722 3178 exoratum
743 3113 806 3177 iam
830 3129 942 3195 eorpus
965 3111 1078 3176 idonea
1100 3113 1183 3192 uoto,

379 3235 563 3300 promouere
587 3217 694 3293 dom03
718 3217 783 3298 sed,
807 3217 860 3299 qui
882 3233 951 3280 mos
975 3233 1044 3280 esse
1066 3215 1189 3280 uidetur

381 3323 590 3405 persoluenda
610 3323 670 3406 piis
692 3323 786 3408 longe
810 3339 867 3386 sua
890 3324 965 3386 uota
986 3320 1145 3385 ferentum

380 3427 571 3510 martyribus
593 3428 733 3512 plaustro
757 3426 959 3512 subiungere,
982 3443 1044 3509 quo
1067 3424 1266 3504 naberentur,

321 3777 373 3830 373
391 3773 559 3829 ammirabile
570 3776 600 3831 D
662 3777 713 3830 374
731 3778 808 3828 tanto
827 3791 877 3831 om.
891 3774 918 3829 A
976 3775 1027 3830 377
1046 3771 1173 3842 dirigeret
1190 3773 1298 3843 seipsi,
1317 3771 1416 3841 digere

277 3866 319 3916 ret
327 3863 393 3929 AD,
403 3862 592 3930 diggereratE
643 3861 752 3931 qmdld,
765 3861 907 3931 quodAD
954 3877 1033 3930 quam
1046 3859 1112 3929 AD,
1125 3861 1224 3915 taurE
1268 3861 1416 3916 378113111-

276 3950 467 4004 ueneuentanis
479 3951 537 4004 AD
589 3952 640 4006 379
652 3948 759 4019 publiea
776 3965 823 4002 seu
836 3949 873 4016 Ε,
890 3947 1010 4017 publicas
1027 3947 1079 4002 heu
1092 3947 1150 4002 AD
1202 3945 1340 4002 mediiaD
1391 3961 1416 3998 se

277 4040 362 4091 strata
373 4038 409 4104 A,
419 4039 528 4091 astrata
540 4039 577 4105 D,
590 4038 724 4090 eonstrata
737 4036 767 4090 Ε
800 4035 934 4104 atgerisA
971 4037 1022 4091 380
1032 4049 1178 4103 numquam
1190 4034 1265 4089 Mser.
1304 4035 1352 4089 381
1364 4033 1417 4101 egit

276 4125 313 4191 E,
331 4123 414 4192 igitur
432 4126 490 4179 AD
541 4125 591 4180 385
610 4139 668 4176 aare
686 4123 722 4191 Ε,
741 4139 817 4177 aerea
835 4124 893 4178 AD
944 4125 1039 4191 ruptus
1058 4122 1115 4176 AD
1168 4118 1326 4177 aasentias
1344 4121 1417 4175 Mur.

277 4209 310 4264 ab
329 4227 394 4264 aura
411 4212 477 4280 DE,
495 4209 530 4264 ad
547 4209 635 4280 ipsum
648 4211 731 4276 Mur,
745 4227 795 4266 om.
809 4211 835 4264 A
890 4209 1002 4266 aeoliae
1014 4209 1090 4264 Mau.
1143 4207 1417 4264 39llaetentisll1ur.

277 4299 328 4354 393
347 4297 438 4353 istaA
491 4300 542 4354 395
561 4296 691 4351 exultauit
703 4296 779 4352 Mur.
833 4299 884 4354 399
896 4295 1016 4366 plaustro
1029 4296 1065 4364 Ε,
1082 4295 1234 4364 plaustrum
1246 4293 1305 4350 AD
1358 4292 1417 4348 sub·

276 4386 386 4456 iungere
404 4387 469 4454 AD,
487 4384 655 4439 subiuuetam
674 4385 705 4438 Ε
