3217 4950
249 407 311 470 140
579 425 605 480 S.
617 425 750 480 Paulini
767 425 888 481 Nolani
905 427 1051 497 episcopi

350 621 403 666 sex
426 601 532 684 itaque
553 620 618 668 uua
639 606 730 668 notae
753 603 846 673 simul
870 605 1022 687 exprimit,
1045 608 1081 669 ut
1102 604 1203 670 tribus
1226 624 1288 672 uua

350 705 506 791 significet
527 708 625 792 uirgis
648 707 811 772 dominum
833 707 927 773 simul
950 727 1019 774 esse
1042 712 1089 774 ter
1112 729 1220 791 unum,

266 819 327 875 630
351 815 384 876 et
406 810 482 876 deus
504 811 537 876 in
561 811 685 878 Christo
707 815 766 894 eet,
789 831 883 896 quem
907 815 1032 897 sumpto
1055 831 1182 898 corpora
1205 817 1290 880 nasci

349 933 404 998 pro
427 915 516 981 nobie
539 916 639 981 uoluit
661 918 761 982 trinae
784 916 949 983 concordia
970 918 1095 984 mentis.

348 1019 442 1102 idque
471 1020 661 1086 sacramenti
691 1024 751 1102 est,
780 1022 925 1106 geminae
952 1022 1035 1104 quod
1059 1023 1093 1087 in
1119 1027 1251 1108 utraque
1276 1025 1387 1109 uirgae

349 1128 385 1188 ut
406 1124 533 1190 diducta
553 1125 622 1209 pari
644 1125 771 1209 fastigia
791 1125 855 1190 fine
878 1127 1037 1211 supinant,

348 1228 431 1293 infra
452 1231 558 1294 autem
582 1229 719 1295 distante
742 1231 806 1295 situ
828 1230 921 1314 parili
942 1231 1020 1314 peda
1043 1235 1188 1298 constant

266 1339 326 1396 635
351 1331 531 1418 adfixaeque
554 1333 613 1398 sibi
635 1333 740 1399 media
761 1352 900 1419 conpage
924 1336 1092 1402 cohaerent

350 1440 383 1501 ot
402 1436 529 1521 paribus
552 1441 697 1521 spectant
718 1439 854 1504 discreta
876 1441 1039 1505 cacumina
1061 1441 1203 1506 summis.

348 1541 406 1606 has
428 1542 634 1608 intermedio
656 1543 840 1609 coeuntibus
865 1542 962 1609 insita
982 1548 1098 1628 puncto

349 1646 438 1730 uirga
461 1646 551 1729 quasi
573 1650 731 1730 sceptrum
753 1649 859 1732 regale
883 1648 1046 1731 superbius
1071 1651 1164 1730 extat,

350 1750 529 1835 significans
550 1770 683 1836 regnare
705 1752 798 1817 deum
822 1771 915 1836 super
938 1755 1043 1818 omnia
1065 1752 1233 1835 Christum,

265 1865 326 1921 640
349 1857 402 1940 qui
424 1875 514 1921 cmca
536 1856 684 1940 dispensa
704 1877 760 1941 per
783 1861 931 1941 quattuor
954 1859 1070 1923 extima
1091 1858 1169 1943 ligni

349 1963 495 2043 quattuor
517 1961 650 2045 adtingit
671 1962 849 2026 dimensum
872 1961 1012 2046 partibus
1035 1961 1153 2044 orbem,

349 2064 512 2130 uibrabat
534 2065 573 2130 ad
595 2065 696 2131 uitam
717 2067 849 2150 populos
873 2085 909 2131 ex
931 2065 1078 2132 omnibus
1101 2067 1172 2132 oris.

349 2171 382 2234 et
403 2170 477 2253 quia
497 2173 598 2234 morta
620 2171 720 2235 erucis
743 2171 863 2235 eunctis
886 2170 962 2235 deus
985 2171 1089 2236 omnia
1112 2170 1254 2237 Christus

350 2277 435 2340 extat
455 2275 489 2338 in
512 2279 652 2340 exortum
674 2275 757 2340 uitae
781 2274 938 2357 finemque
961 2275 1126 2356 malorum,

263 2387 323 2442 645
347 2379 442 2463 alpha
464 2397 589 2443 omcem
612 2380 795 2444 circumstat
818 2383 850 2443 et
872 2397 904 2461 o,
927 2379 1027 2444 tribus
1050 2382 1181 2462 utraque
1204 2379 1299 2463 uirgis

349 2484 455 2549 littera
476 2484 634 2549 diuersam
656 2484 741 2550 trina
762 2484 882 2549 ratione
905 2483 1038 2568 figuram

348 2586 522 2672 perficiens,
545 2590 618 2670 quia
639 2588 814 2673 perfectum
837 2592 886 2653 ast
908 2606 998 2653 mens
1021 2604 1093 2669 una,
1116 2589 1227 2671 triplex
1249 2588 1307 2652 uis.

350 2693 445 2775 alpha
470 2693 580 2758 itidem
607 2693 685 2758 mihi
713 2693 856 2760 Christus
885 2696 915 2757 st
943 2712 974 2774 o,
1002 2693 1056 2775 qui
1083 2710 1209 2757 summa
1231 2692 1388 2775 supremis

349 2796 465 2862 finibus
488 2798 602 2863 excelsi
623 2798 739 2882 pariter
761 2796 930 2880 conplexus
954 2798 1061 2861 stimi

267 2908 327 2964 650
350 2902 451 2967 uictor
473 2905 505 2966 et
526 2902 649 2967 inferna
672 2905 703 2966 et
724 2902 840 2986 paritor
864 2900 1012 2966 caelestia
1034 2900 1117 2983 cepit

350 3005 546 3089 effractisque
569 3006 674 3090 abysis
697 3006 799 3071 caelos
822 3007 998 3090 penetrauit
1020 3010 1153 3089 apertos,

349 3111 510 3176 uictricem
532 3112 672 3177 reterens
695 3114 842 3194 superata
865 3115 963 3176 morte
987 3111 1129 3176 salutem.

349 3220 446 3298 utque
468 3216 559 3281 illum
581 3216 701 3301 patriae
723 3216 825 3279 iunxit
846 3216 977 3280 uictoria
1000 3216 1135 3296 dextrae,

351 3337 534 3402 corporeum
556 3321 669 3385 statuit
691 3319 818 3384 caelesti
840 3320 872 3383 iu
896 3319 969 3385 sede
991 3322 1154 3402 tropaeum

267 3432 328 3488 655
352 3424 561 3507 uexillumque
584 3424 683 3489 crucis
707 3443 800 3507 super
823 3424 930 3488 omnia
953 3423 1054 3488 sidera
1076 3424 1152 3489 fixit.

291 3658 342 3713 628
360 3658 516 3727 exprimitur
535 3658 596 3726 (om.
616 3660 657 3726 ut)
676 3659 703 3713 A
767 3656 965 3726 et-siguitioat
982 3658 1057 3712 Mar.
1122 3658 1174 3711 633
1192 3654 1302 3709 diducta
1319 3656 1387 3725 AD,

247 3743 362 3798 deducta
379 3746 410 3799 Ε
468 3744 577 3815 fastigia
595 3746 630 3813 Ε,
649 3744 761 3798 fastidia
776 3745 834 3800 AD
895 3746 947 3800 634
965 3743 1086 3797 destante
1103 3744 1161 3798 AD
1218 3744 1268 3798 636
1286 3743 1388 3797 summi

246 3832 304 3886 AD
356 3834 407 3887 637
424 3831 473 3886 has
490 3832 555 3900 ΑΕ,
573 3830 616 3885 his
634 3832 663 3887 D
715 3832 786 3885 inter
803 3830 891 3884 medio
904 3831 941 3897 D,
959 3828 1190 3885 intermedioAE
1239 3830 1291 3885 636
1309 3829 1387 3898 quasi

220 3918 311 3985 AD,
329 3917 405 3971 uelut
422 3918 453 3971 Ε
523 3921 574 3974 640
593 3918 718 3987 dispensa
735 3919 773 3985 D,
792 3916 917 3987 dispansa
935 3916 994 3971 ΑΕ
1065 3919 1179 3985 quatuor
1198 3916 1229 3971 Ε
1289 3914 1388 3969 extima

247 4004 322 4073 Signi
339 4006 408 4061 coni.
422 4005 498 4059 Mser.
553 4007 602 4060 641
623 4006 779 4073 quatuorE
830 4003 940 4071 attingit
953 4004 984 4058 Ε
1034 4005 1084 4059 645
1098 4002 1223 4057 allaAD
1274 4004 1324 4058 646
1336 4002 1388 4056 tri-

245 4106 281 4144 na
292 4091 358 4160 AD,
370 4092 489 4147 teruaE
539 4094 589 4147 647
602 4089 782 4162 ροιίεοιιιΞΕ
834 4091 959 4145 unamD
1012 4092 1063 4147 648
1076 4088 1226 4144 alfaADA
1279 4104 1387 4160 suprae-

247 4203 298 4256 mia
316 4205 341 4254 Δ
402 4206 453 4260 650
470 4192 543 4275 oepit
561 4208 586 4256 A
646 4206 695 4260 651
716 4171 869 4271 effigiisque
888 4206 912 4255 A
976 4201 1078 4273 abyssis
1096 4203 1179 4257 ΑΕΔ
1240 4204 1290 4258 652
1309 4216 1387 4271 supe-

245 4293 304 4344 rate
321 4291 349 4346 A
410 4293 462 4347 653
479 4294 594 4358 atquae
612 4291 670 4346 AD
733 4293 784 4347 654
802 4294 925 4360 tropeum
943 4291 980 4358 D,
999 4289 1140 4359 tropheum
1160 4290 1190 4345 Ε
1239 4306 1279 4346 ιιι.
1293 4291 1343 4345 654
1360 4296 1389 4344 ct

245 4378 296 4432 655
314 4377 422 4433 iaacrao
440 4376 536 4433 ordine
554 4380 579 4429 A
