3217 4950
568 448 696 487 carmen
714 432 812 496 XXVI,
825 434 971 491 ace-264.

302 613 334 674 et
355 610 430 675 dene
453 610 552 675 lsrael
572 613 647 675 tuus
669 613 720 674 est
741 610 832 683 deus;
856 608 909 673 ille
931 608 1084 675 Rubentis

302 713 419 779 diuisor
440 714 544 799 pelagi
566 718 599 779 et
619 714 761 779 dulcator
783 713 878 780 lentis
901 714 1009 794 amari,

301 818 354 883 ille
376 819 467 884 datar
488 835 623 883 munnae
645 818 743 899 caele,
766 816 856 883 datur
878 818 996 903 ortygia
1019 822 1126 883 austra

303 926 335 987 et
355 922 492 989 sitientis
514 922 606 989 humi
626 939 776 1007 percussu
798 940 876 1006 rupe
902 922 1029 1007 rigatur,

220 1035 283 1090 240
304 1028 371 1110 ipse
393 1030 466 1091 tuus
489 1027 566 1093 deus
589 1032 649 1109 est,
671 1028 727 1110 qui
748 1046 804 1111 per
827 1027 951 1093 deserta
973 1030 1157 1109 sequentem

301 1132 471 1214 praecessit
493 1133 643 1217 populum
667 1136 700 1197 et
720 1116 918 1215 praetentam
941 1136 1031 1197 nocte
1054 1133 1164 1215 dieque

302 1238 450 1321 temperis
472 1237 595 1302 alterna
616 1236 754 1301 mutauit
775 1237 845 1321 lege
869 1236 1048 1302 columnam

303 1340 417 1423 quique
440 1344 552 1423 quater
574 1341 671 1407 denes
693 1341 776 1407 inter
799 1341 925 1407 deserta
946 1360 1002 1425 per
1024 1358 1134 1422 annes,

303 1445 444 1530 angelice
466 1444 592 1529 plebem
614 1445 653 1511 de
676 1444 770 1511 caelis
792 1463 874 1530 pane
897 1444 1015 1511 cibauit

217 1557 280 1612 245
303 1553 335 1614 et
355 1553 450 1633 rupta
471 1549 504 1615 in
526 1548 638 1615 fluuios
660 1550 821 1615 sitientem
845 1554 913 1616 ecte
935 1550 1054 1617 refecit.

301 1672 404 1737 pesce,
426 1672 544 1737 preest,
568 1654 727 1739 placidum
749 1655 865 1721 nestris
888 1656 1034 1721 accedere
1059 1653 1218 1720 Christum

302 1758 458 1843 partibus,
480 1758 548 1843 ipse
569 1762 643 1824 tuus
667 1760 744 1825 deus
767 1764 827 1842 est,
850 1778 912 1843 quc
934 1760 1024 1827 fortis
1046 1760 1136 1824 Iesus

302 1866 387 1929 stare
409 1864 474 1929 suis
495 1863 589 1929 iussit
610 1864 711 1929 sclem
732 1865 903 1947 lunamque
926 1864 1104 1948 triumphis,

306 1972 337 2033 et
358 1967 416 2033 tibi
439 1987 511 2033 cum
534 1968 679 2033 deminus
702 1968 838 2035 Romani
860 1986 1009 2054 prospera
1031 1969 1119 2053 regni

218 2080 281 2136 250
304 2072 456 2155 adnuerit,
479 2072 607 2139 famulis
629 2074 795 2140 elementis
817 2074 970 2157 praecipe,
994 2073 1092 2153 Felix,

304 2176 343 2241 ad
364 2181 508 2243 nestrum
530 2178 648 2243 seruire
670 2176 804 2252 benum;
827 2178 975 2261 precedat
998 2181 1031 2243 et
1052 2177 1145 2243 astris

304 2281 458 2347 standbns
481 2286 574 2347 ancta
594 2282 676 2358 dies;
697 2285 762 2347 stet
783 2282 831 2347 sel
853 2282 911 2347 tibi
933 2282 1070 2365 lunaque
1093 2298 1222 2347 concers

303 2385 430 2451 haereat
451 2385 553 2451 cbfiuc
576 2387 771 2470 suspendens
793 2386 898 2451 sideru
921 2404 1023 2467 cursu,

257 2520 271 2535 α
304 2490 378 2556 dum
400 2491 542 2557 &mana
564 2510 659 2556 sunm
680 2492 785 2575 capiat
807 2491 938 2556 uictoria
959 2491 1065 2556 finem.

220 2603 282 2658 aab
305 2597 385 2660 sicut
405 2595 438 2661 in
460 2595 593 2679 Assyria
614 2595 727 2660 Daniel
749 2594 911 2679 Babylone
932 2596 1039 2662 leones

305 2699 404 2765 effusa
425 2700 548 2765 domuit
569 2699 668 2766 uictcr
690 2718 792 2782 prece,
817 2701 863 2765 sic
885 2699 952 2781 tibi,
976 2699 1072 2781 Felix,

305 2801 399 2870 eliera
420 2803 581 2870 barbaries
604 2804 727 2870 Obrietc
750 2804 917 2890 frangente
940 2805 1083 2871 demetur

304 2913 336 2974 et
356 2912 414 2973 tna
434 2909 553 2992 captiui
574 2909 699 2974 iaceant
720 2909 854 2994 uestigia
875 2909 1026 2986 circum„

305 3013 350 3079 sic
372 3013 539 3097 aliquande
562 3015 647 3078 ferae
669 3013 787 3079 circum
810 3015 932 3079 iacuere
954 3006 1139 3098 prophetam

220 3125 282 3181 aec
304 3118 483 3201 orantisque
504 3119 601 3202 pedes
623 3119 739 3204 linguis
762 3119 899 3184 mulsere
923 3118 1082 3203 benignis,

303 3225 614 3288 naturammntante
637 3223 704 3305 dec,
727 3227 764 3288 ut
786 3224 953 3290 damnaret
975 3221 1088 3288 acerba

303 3331 409 3392 mente
431 3327 514 3392 serua
537 3327 679 3393 hemines
701 3328 844 3393 humana
864 3346 941 3412 pace
964 3328 1111 3394 ferarum.

303 3431 350 3496 sic
372 3434 404 3496 et
425 3430 585 3496 crudelem
606 3432 748 3498 confudit
768 3430 898 3497 flamma
919 3435 1088 3516 tyrannum

304 3536 421 3602 sanctis
444 3540 640 3619 spectantem
662 3537 767 3619 pueris
789 3537 908 3602 seruire
931 3537 1070 3602 caminos

302 3753 366 3823 247]
385 3753 447 3821 (10⁸.
463 3756 502 3817 10,
516 3755 567 3822 13).
621 3754 686 3824 255]
704 3753 783 3822 (Dan.
799 3755 850 3822 14).

242 3956 295 4012 236
311 3953 409 4010 iemhd
427 3955 486 4010 AD
555 3952 621 4008 deus
638 3957 680 4010 eat
697 3956 760 4009 tuus
778 3955 828 4011 Bc
890 3957 942 4012 238
959 3969 1059 4010 manua
1076 3970 1090 4009 e
1108 3954 1138 4010 D
1208 3953 1299 4008 urticis
1319 3955 1345 4008 Τ

198 4043 249 4098 241
267 4044 422 4112 protentam
440 4043 467 4097 T
515 4043 645 4111 ecumque
664 4043 690 4097 T
732 4043 785 4098 245
802 4041 887 4096 fluuio
905 4042 961 4097 ET
1010 4043 1071 4096 cute
1088 4041 1124 4111 B,
1143 4043 1219 4096 caute
1231 4041 1344 4097 ADET

200 4131 250 4186 247
273 4129 365 4184 hiesus
390 4129 450 4184 AD
535 4130 588 4186 250
612 4127 748 4198 praecipe]
774 4143 869 4198 praece
890 4130 927 4198 A,
953 4143 1030 4198 prece
1056 4127 1088 4183 D
1173 4130 1223 4185 251
1247 4145 1299 4184 eeu.
1320 4129 1345 4182 Τ

199 4213 572 4284 acernaacerna
655 4214 766 4271 luneT
844 4213 1039 4272 253uftlrcl’
1116 4213 1342 4271 autumnale

197 4301 323 4358 babilone
341 4303 424 4359 ΛΒΤ
502 4303 553 4360 259
571 4302 610 4357 sic
626 4304 735 4373 reipsa,
752 4317 801 4358 ceu
819 4321 863 4360 uc
941 4301 1084 4371 aliquande
1101 4321 1131 4366 ω,
1149 4301 1342 4371 quandoquec

197 4389 332 4460 profetam
350 4391 378 4446 A
429 4390 482 4445 263
499 4388 642 4444 confundit
658 4391 686 4444 A
