3217 4950
574 440 600 492 S.
613 437 747 491 Paulini
766 436 886 490 Nolani
905 437 1051 507 episcopi

451 615 650 680 mortalitatis
674 616 830 677 exuuntur
853 613 988 678 uinculis

451 723 483 784 et
504 720 537 784 in
560 737 697 802 superna
717 736 816 802 regna
838 720 1008 783 nascuntur
1032 717 1088 782 deo

450 842 620 906 secumque
643 823 760 888 laetam
783 842 873 907 spem
895 822 1077 906 resurgendi
1099 820 1213 887 ierunt.

366 938 427 993 175
452 948 509 1013 ego
532 948 657 1011 semper
679 928 777 992 istum
800 928 846 991 sio
868 926 1021 992 honoraui
1044 927 1136 1007 diem,

450 1034 552 1117 magis
575 1034 660 1097 hunc
681 1034 827 1115 putarem
849 1035 885 1096 ut
908 1050 977 1095 esse
1001 1032 1140 1095 natalem
1163 1030 1250 1112 mihi,

450 1156 544 1221 quam
567 1156 628 1219 quo
650 1136 783 1201 fuissem
806 1140 898 1201 nutus
922 1136 954 1199 in
978 1152 1103 1199 caseum
1127 1135 1186 1199 die.

449 1242 605 1326 lugendus
628 1242 743 1306 etenim
767 1244 816 1305 est
838 1240 890 1305 illc
911 1240 1035 1324 dignius
1058 1240 1136 1304 mihi

451 1346 528 1426 dies,
551 1346 583 1410 in
605 1345 690 1410 istud
712 1358 774 1427 quo
796 1348 920 1409 creatus
943 1344 1102 1409 saeculum

368 1458 429 1515 180
452 1452 595 1534 peccator
617 1452 706 1514 utero
728 1448 909 1531 peccatricis
933 1447 1030 1513 excidi

451 1557 619 1637 conceptus
642 1553 717 1617 utris
741 1572 778 1617 ex
799 1552 1028 1635 iniquitatibus,

450 1659 571 1723 utiam
593 1660 760 1723 nocentem
782 1660 907 1741 pareret
930 1676 980 1721 me
1004 1659 1106 1721 maier
1127 1674 1208 1722 mea.

451 1762 635 1827 maledictus
659 1780 732 1845 ergo
756 1762 798 1825 sit
821 1761 897 1841 dies,
921 1778 982 1843 quo
1005 1778 1077 1825 sum
1100 1761 1194 1826 niiser

452 1867 491 1931 ad
513 1867 695 1949 iniquitates
719 1886 755 1931 ex
778 1866 892 1947 iniquis
916 1865 1028 1929 editus.

368 1980 427 2037 185
451 1971 636 2037 benedictus
659 1971 720 2035 iste
742 1971 785 2035 sit
807 1969 923 2035 natulis
947 1970 1088 2050 etmihi,

454 2094 515 2159 quo
537 2076 614 2141 mihi
635 2078 786 2158 patronus
810 2080 903 2141 natus
927 2075 958 2139 in
983 2074 1169 2140 caelestibus

452 2181 538 2246 Felix
560 2181 599 2245 ad
620 2181 707 2245 illam
731 2183 856 2245 exortus
880 2182 928 2244 est
949 2180 1134 2263 potentiam,

452 2303 514 2368 qua
535 2304 587 2349 me
608 2286 730 2349 ualeret
750 2286 837 2349 faece
859 2288 1028 2368 pmgatum
1055 2302 1127 2348 mea

450 2392 554 2454 laxare
577 2390 686 2454 uinclis
711 2393 742 2454 et
763 2389 962 2471 redemptum
986 2388 1149 2453 absoluere

370 2502 430 2558 190
454 2495 492 2559 de
513 2496 658 2560 luctuosa
679 2498 780 2559 morte
803 2495 918 2559 natalis
942 2495 1014 2558 mei.

452 2599 562 2664 eadem
584 2599 716 2664 recurrit
737 2618 863 2682 semper
885 2598 963 2662 haee
986 2598 1107 2663 cunctis
1131 2599 1196 2662 dies

451 2708 521 2769 uoto
544 2723 599 2788 per
621 2704 729 2769 orbem
752 2705 875 2768 circulis
899 2722 980 2768 enno
1005 2703 1083 2778 euim

453 2827 562 2873 uerum
586 2809 753 2890 quotannis
775 2809 946 2873 innouante
972 2809 1074 2892 gratia

452 2913 667 2978 diuersitatem
691 2932 869 2994 munerum,
892 2931 972 2995 quae
995 2913 1049 2977 dat
1070 2931 1125 2978 suo

370 3027 428 3082 105
453 3018 595 3084 Christus
617 3017 727 3098 sodali,
750 3019 845 3082 donet
866 3021 902 3082 ut
924 3017 1010 3082 Felix
1034 3017 1121 3098 mihi,

453 3125 591 3186 mutatur
614 3125 645 3186 et
668 3139 729 3186 non
751 3123 821 3204 ipsa
843 3139 923 3204 quae
946 3123 1066 3186 cunctis
1089 3122 1186 3202 uenit,

452 3227 555 3291 uarias
578 3244 721 3291 meorum
743 3227 918 3291 carminum
941 3244 1051 3290 causes
1074 3225 1187 3290 ferens.

494 3331 657 3396 uideamus
681 3349 763 3414 ergo,
787 3331 862 3412 quid
884 3331 962 3395 mihi
983 3331 1043 3395 hoc
1065 3348 1147 3395 anno
1171 3347 1288 3395 nouum

451 3435 599 3515 attulerit,
622 3435 705 3499 unde
727 3435 857 3500 uocibus
881 3453 1011 3500 uernem
1035 3435 1133 3500 nouis.

367 3549 428 3602 200
452 3557 515 3603 non
536 3539 588 3603 ito
610 3540 713 3623 longe,
736 3557 795 3603 nec
817 3541 925 3622 procul
948 3557 1073 3604 sumam
1096 3539 1173 3604 mihi

452 3643 620 3727 praeterita
642 3647 783 3726 tempore
807 3647 861 3708 aut
882 3643 957 3708 loeis
981 3642 1133 3708 absentie.

451 3748 576 3828 adsunt,
599 3751 747 3812 tenentur
769 3747 839 3831 ipsa
861 3747 942 3812 dona
965 3748 1157 3823 comminns;

452 3852 565 3917 uidetis
588 3869 698 3916 omnes
721 3871 852 3916 munere
874 3852 933 3917 hoe
956 3867 1038 3917 anno
1061 3853 1135 3916 data

452 3953 540 4020 nobis
562 3957 596 4020 in
617 3975 680 4021 uno
702 3957 810 4021 iuncta
831 3957 943 4021 Felicis
967 3956 1047 4037 sinu,

289 4220 339 4274 178
356 4216 485 4286 legendus
503 4219 530 4271 A
599 4215 707 4285 dignius
725 4217 762 4285 E,
780 4216 878 4286 dignus
897 4217 955 4272 AD
1026 4219 1076 4272 179
1094 4215 1166 4271 istud
1185 4217 1283 4287 mim,
1302 4215 1385 4270 ιιιιιιιι

245 4305 334 4358 ADE
384 4307 434 4360 189
445 4303 564 4358 laxatum
577 4304 607 4358 E
652 4306 739 4360 lacet
752 4307 798 4360 191
814 4303 1031 4361 inmacordim
1043 4305 1100 4360 ccli.
1114 4305 1189 4359 Mur.
1239 4305 1288 4359 193
1300 4302 1385 4371 quod·

245 4395 322 4444 anule
340 4392 370 4445 D
421 4393 473 4446 200
491 4407 623 4444 summam
642 4390 714 4446 ΑΕ1
766 4393 819 4447 202
837 4393 931 4444 assunt
948 4391 979 4445 E
1029 4391 1149 4446 cominus
1168 4391 1198 4446 E
