3217 4950
263 432 324 497 158
595 452 620 507 S.
634 452 767 508 Paulini
786 452 906 509 Nolani
925 454 1072 524 episcopi

363 627 418 690 ille
435 626 564 691 'rebellis
587 630 618 692 et
640 627 787 693 humanis
811 646 873 693 non
897 627 1024 694 subdite
1046 630 1156 695 uinclis

364 730 489 795 ducitur
511 731 550 796 ed
572 732 729 814 placidam
752 733 838 798 nullo
861 733 1032 798 luctamine
1056 737 1204 809 mortem

363 835 553 900 intemerata
575 836 657 920 iugis
680 836 870 902 submittens
893 838 975 904 colla
997 840 1107 919 securi,

279 946 341 1002 435
364 939 555 1023 pauperibus
578 940 700 1005 iactura
722 938 808 1005 cibes
831 942 870 1006 de
893 959 1019 1026 corpore
1042 958 1143 1023 caeso,

364 1043 448 1108 laeta
470 1062 564 1109 snum
586 1044 689 1110 fundit
710 1044 909 1111 demincmm
930 1046 963 1110 in
987 1049 1061 1111 ueta
1083 1062 1236 1111 eruorem.

364 1166 513 1230 quorsum
523 1150 644 1213 istaec?
656 1150 809 1232 numquid
821 1150 977 1233 pecudum
993 1154 1050 1231 est,
1066 1154 1102 1215 ut
1118 1152 1276 1234 apostulus
1289 1152 1398 1234 inquit,

364 1270 439 1317 cura
460 1253 540 1317 dec?
563 1254 619 1318 sed
640 1254 693 1337 qui
716 1257 843 1338 prepter
865 1272 921 1319 nos
945 1255 1051 1320 omnis
1072 1255 1156 1337 iecit,

363 1356 470 1422 omnis
492 1373 547 1442 pro
571 1357 661 1423 nobis
685 1363 831 1441 operatur
853 1360 886 1425 in
910 1358 1056 1425 omnibus
1079 1363 1186 1425 auctor

278 1469 340 1524 440
364 1465 457 1544 atque
479 1481 536 1545 per
558 1462 683 1547 ignaras
705 1463 842 1545 pecudes
865 1464 1027 1546 operantia
1050 1462 1140 1529 nubis

363 1566 455 1649 signa
476 1566 561 1646 facit,
584 1565 695 1631 brutas
718 1586 774 1649 per
796 1568 882 1632 clara
904 1568 1041 1653 insignia
1062 1572 1185 1633 mentes

363 1670 535 1736 sollicitans
558 1670 684 1735 firmare
706 1669 801 1736 iidem
825 1676 857 1737 et
879 1672 1034 1738 confidere
1056 1692 1141 1755 uere,

363 1778 398 1839 ut
421 1774 584 1839 dominnm
607 1774 722 1841 dociles
744 1776 863 1861 linguis
886 1777 919 1842 in
942 1776 1039 1842 uerba
1061 1778 1171 1843 scluiis

363 1898 426 1944 non
448 1882 575 1945 taceant
597 1879 751 1960 hemines,
776 1899 872 1963 qnam
895 1881 993 1965 signis
1016 1885 1105 1947 muta
1126 1882 1304 1965 lequuntur.

784 2144 869 2207 XXI.

364 2297 505 2365 candida
526 2317 587 2383 par
608 2302 699 2383 grata
721 2300 812 2365 nobis
835 2301 903 2365 uice
927 2301 1075 2383 temporis
1099 2318 1217 2365 annum

361 2406 434 2488 pest
455 2403 576 2468 hiemes
599 2406 686 2469 actas
708 2404 879 2489 tranquille
902 2405 1022 2469 lumine
1044 2404 1130 2469 ducit

363 2509 582 2593 signatamque
605 2509 688 2574 diem
711 2511 812 2576 sancti
835 2509 949 2576 Felicis
971 2510 1088 2576 honere

363 2613 483 2678 securis
506 2614 604 2697 aperit
627 2615 760 2698 populis.
784 2614 919 2698 gaudere
943 2615 1061 2680 serenis

323 2727 341 2781 5
365 2717 523 2783 mentibus
547 2717 690 2783 abstersa
711 2719 770 2783 diri
793 2719 925 2814 caligine
946 2719 1022 2785 belli

363 2824 475 2888 suadet
497 2841 595 2888 ouans
618 2823 716 2905 Felix,
739 2823 812 2907 quia
834 2825 919 2907 pacis
943 2828 974 2889 et
995 2825 1062 2908 ipse
1085 2827 1236 2908 patronus

363 2945 434 2992 cnm
458 2927 598 3012 patribus
621 2927 719 2993 Panic
743 2932 836 3011 atque
858 2928 952 2996 Petro
979 2932 1011 2994 ei
1038 2947 1111 2993 cum
1134 2928 1284 2994 iratribus
1306 2927 1398 2992 almis

363 3030 554 3115 martyribus
576 3051 683 3116 regem
705 3050 818 3117 regum
841 3034 979 3097 excreuit
1002 3033 1103 3097 amico

363 3136 492 3202 numine
513 3135 647 3201 Renum
669 3136 838 3220 producere
861 3141 1003 3220 tempora
1023 3137 1114 3221 regni

302 3250 342 3305 10
365 3240 581 3324 instantesque
603 3239 701 3307 Getas
723 3241 800 3325 ipsis
822 3243 885 3306 iam
908 3241 1050 3307 faucibus
1074 3241 1161 3306 urbis

361 3345 477 3428 pellere
500 3349 531 3410 et
554 3345 683 3410 exitium
706 3364 763 3412 sen
785 3346 913 3410 uincula
935 3349 1057 3410 uertere
1080 3346 1113 3410 in
1136 3347 1230 3429 ipsos,

363 3450 416 3532 qni
438 3449 668 3516 minitabantur
690 3450 840 3515 Romanis
863 3449 976 3514 ultima
997 3449 1112 3534 regnis.

362 3571 447 3618 nunc
468 3554 562 3639 igitur
585 3555 677 3639 pulsa
698 3554 864 3619 formidine
886 3557 923 3619 nt
944 3553 1098 3620 imbribus
1120 3552 1199 3618 actis

361 3660 515 3742 respicere
538 3659 683 3744 expulsas
706 3658 817 3740 nubes,
840 3659 1020 3742 praesentia
1041 3675 1147 3723 rerum

360 3865 424 3936 438]
443 3865 469 3934 (Ι
486 3865 545 3923 Oct.
558 3869 583 3933 9,
594 3855 631 3936 9).

299 4059 353 4114 484
370 4057 515 4113 sumittcns
533 4059 563 4115 Ε
612 4059 664 4114 ssi
683 4073 796 4127 quorum
815 4061 842 4114 A
898 4061 951 4116 440
968 4058 1076 4128 ignores
1093 4059 1128 4125 A,
1147 4057 1252 4127 motus
1269 4056 1343 4112 Mur.
1364 4085 1398 4096 -

257 4145 365 4215 explicit
381 4144 540 4201 undecimus
558 4147 622 4202 AD.

300 4231 372 4286 XXI.
392 4233 481 4289 ΑΒΕ
495 4263 529 4273 -
547 4233 643 4302 incipit
655 4231 828 4286 duodecimus
839 4234 905 4300 AD,
923 4233 1019 4303 incipit
1035 4231 1104 4287 liber
1115 4229 1201 4286 xm·
1221 4231 1253 4286 E
1301 4233 1327 4284 A
1337 4232 1398 4286 eui,

258 4321 369 4384 27-36,
387 4321 534 4386 344-356,
552 4321 698 4386 scr-364,
717 4320 855 4376 diii-635
922 4323 933 4376 l
955 4318 1032 4373 uobis
1049 4321 1086 4388 Ε,
1104 4337 1155 4376 cm.
1168 4319 1226 4374 AD
1289 4318 1306 4372 3
1324 4317 1399 4372 mem

257 4425 308 4463 cue.
321 4408 349 4461 A
401 4407 732 4476 signatumquepicMur.
786 4410 819 4463 10
830 4409 922 4476 gnatas
935 4408 992 4461 AD
1046 4409 1078 4463 13
1089 4407 1132 4476 nt]
1144 4409 1172 4460 et
1182 4407 1257 4462 Mur.
