3217 4950
602 467 628 522 S.
642 469 775 523 Paulini
792 467 913 524 Nolani
929 470 1075 539 episcopi

372 645 471 708 uitam
494 645 624 725 tenebit,
649 663 709 710 nou
734 644 853 710 tenebit
875 647 1016 730 gloriam.

372 749 446 830 quia
468 766 560 812 carue
582 749 696 831 uictus,
719 753 826 814 mente
849 768 911 815 non
933 769 1044 815 uersus
1067 755 1185 832 tamen,

311 861 352 916 40
376 853 435 916 etsi
458 853 581 937 negarit
603 854 742 918 debitam
764 855 829 938 legi
851 853 954 936 fidem,

371 976 427 1039 per
450 957 550 1022 multa
573 976 666 1040 saepe
689 959 854 1023 deuolutus
877 959 1017 1040 crimina,

373 1065 479 1126 tamen
502 1061 575 1126 fidei
599 1067 901 1138 nomenaeternnm
924 1082 1047 1146 gerens,

372 1184 546 1247 numquam
570 1167 679 1231 salutis
703 1166 842 1231 exulabit
863 1166 988 1231 finibus.

372 1270 485 1335 idcirco
509 1271 613 1335 cuncti
636 1289 719 1335 nuno
741 1273 774 1334 in
796 1272 857 1336 isto
880 1271 1014 1352 saeculo,

309 1383 348 1438 45
374 1376 449 1440 dum
472 1376 569 1441 currit
592 1379 677 1440 aetas
702 1379 733 1440 et
756 1377 823 1441 dies
846 1377 917 1442 aeui
938 1380 1036 1459 patet,

372 1484 474 1545 rectas
493 1487 629 1564 'agamus
653 1481 780 1546 semitas
803 1481 893 1546 firmo
918 1481 996 1564 pede

372 1603 430 1648 nec
452 1584 630 1649 deferamur·
652 1586 772 1650 lubrico
794 1586 878 1650 latae
901 1586 983 1660 uiac3

373 1692 513 1771 praestat
534 1707 589 1771 per
613 1693 715 1754 artum
739 1691 923 1755 dimicantes
945 1689 1104 1754 tramitem

372 1793 535 1858 laboriosis
557 1794 685 1858 introire
707 1793 838 1858 nisibus.

310 1905 350 1960 50
374 1898 443 1960 uias
465 1897 619 1962 bonorum
642 1899 744 1962 laetus
768 1899 910 1982 agnoscit
933 1897 1018 1978 dene,

374 2006 407 2067 at
429 2002 584 2084 inpiorum
607 2021 742 2086 pronum
764 2003 823 2068 iter
846 2003 1008 2068 delebitur,

796 2245 883 2311 Vlll.

374 2419 437 2486 (lur
458 2423 569 2506 gentes
592 2421 748 2485 fremuere
773 2425 803 2486 et
825 2421 932 2485 inania
953 2439 1008 2486 our
1030 2421 1173 2487 meditati

373 2529 448 2590 suut
469 2524 597 2608 populi?
621 2524 811 2590 adstiterunt
833 2543 975 2608 proceres
999 2543 1070 2589 oum
1093 2526 1219 2609 regibus
1244 2528 1305 2591 acti

374 2630 541 2694 aduersum
566 2629 727 2692 dominum
750 2632 782 2693 et
806 2628 964 2694 Christum
987 2648 1106 2694 uesano
1127 2631 1313 2696 frementes:

372 2734 499 2797 umoula
520 2752 715 2815 rumpamus,
738 2734 811 2817 iuga
834 2734 1037 2798 discutiamus
1060 2752 1176 2798 eorum.

333 2846 350 2901 5
375 2840 429 2921 qui
451 2840 559 2902 manet
583 2841 707 2903 aeterno
731 2840 804 2903 totis
827 2838 1040 2903 moderamine
1062 2838 1168 2920 caelis,

336 2981 339 2990 ·
373 2941 521 3007 inridebit
543 2961 595 3007 eos
618 2944 761 3025 iustaque
782 2944 929 3025 loquetur
950 2944 983 3007 in
1005 2944 1053 3007 ira

374 3045 567 3128 terribilique
590 3048 695 3112 minax
720 3048 815 3112 uerbo
838 3047 978 3112 turbabit
999 3048 1138 3130 iniquos:

374 3154 424 3215 ast
447 3168 504 3233 ago
527 3170 578 3214 rer
602 3151 641 3214 ab
665 3170 700 3216 eo
723 3152 815 3235 parili
838 3151 955 3215 dicione
979 3156 1111 3232 creatus,

374 3258 576 3337 pracceptum
600 3254 717 3319 domini
740 3274 833 3338 super
856 3256 974 3319 almum
996 3256 1141 3338 praedico
1165 3256 1248 3321 Sion.

314 3368 351 3421 10
376 3359 442 3442 ipse
466 3358 505 3422 ad
527 3376 578 3422 me
602 3358 755 3438 domiuuS,
779 3378 878 3438 meus,
902 3360 1012 3441 inquit,
1035 3359 1118 3423 lilius
1142 3380 1175 3425 cs
1198 3365 1244 3442 tu,

375 3467 466 3545 teque
489 3462 580 3527 hodie
603 3464 706 3546 genui.
730 3467 818 3545 pcte3
842 3465 884 3527 sis
908 3464 984 3527 mihi
1006 3463 1153 3547 gentibus
1176 3465 1279 3547 heres,

376 3570 408 3629 et
430 3571 485 3630 tua
507 3566 656 3653 fundatur
680 3567 752 3631 totis
776 3568 930 3649 possessio
953 3568 1054 3631 terris.
1225 3646 1227 3651 .

375 3670 475 3734 ferrea
498 3670 586 3753 uirga
608 3669 664 3734 tibi
688 3674 745 3749 est,
768 3670 872 3734 ualido
895 3671 967 3751 quia
989 3672 1057 3735 iure
1079 3676 1204 3737 tument
1223 3692 1238 3737 s
1339 3674 1344 3679 “

376 3772 450 3837 orbe
472 3774 554 3857 regie
578 3778 643 3838 toto
666 3774 808 3857 populos,
832 3793 887 3837 ceu
911 3792 988 3837 uasa
1010 3780 1130 3840 recocto

315 3886 352 3941 15
376 3878 450 3941 ficte
472 3878 539 3941 luto
563 3879 711 3961 frangens
734 3878 836 3958 corda,
859 3881 895 3942 ut
917 3879 1047 3942 meliora
1067 3880 1229 3945 reformes.

315 4132 353 4187 42,
369 4144 465 4182 nomen
483 4148 506 4196 o,
525 4144 578 4182 non
601 4128 623 4183 O
675 4128 709 4183 48
727 4126 886 4181 dimicantes
903 4129 1000 4198 Rosa,
1019 4129 1173 4185 dimicantis
1195 4132 1239 4189 Oc
1291 4138 1326 4191 50
1343 4135 1420 4207 letus

274 4236 295 4282 o,
314 4213 398 4269 loeus
420 4214 443 4271 0
496 4216 527 4271 51
548 4214 582 4269 ad
604 4212 625 4269 O

315 4300 391 4355 vm.
414 4301 443 4357 Ο.
463 4330 496 4339 -
515 4300 586 4354 Psal.
607 4299 777 4355 seeundusO
838 4300 1016 4356 biremeutes
1032 4303 1082 4369 Oo,
1101 4302 1220 4360 furentes
1237 4308 1421 4365 miserentes

274 4415 367 4471 aaron
440 4412 686 4471 cumam-Sacer.
757 4414 819 4483 peto
837 4414 925 4469 Romo.
997 4417 1030 4472 14
1048 4418 1186 4474 recoctus
1258 4382 1420 4503 1511ῥο
