3217 4950
588 437 717 478 carmen
734 422 851 487 XXIIII,
863 426 1009 481 225-287.
1308 410 1372 475 215

488 617 546 663 nec
569 617 651 681 aqna
672 599 844 665 excitatum
866 618 929 683 qua
951 600 1098 666 madebat
1120 619 1178 665 nec
1199 602 1283 685 gelu,

541 703 624 786 qued
646 703 789 769 nuditate
813 708 964 781 traxeram

487 808 561 873 licet
583 811 668 873 esset
690 809 764 873 anni
787 812 913 892 tempus
935 813 1107 875 autumnus
1130 814 1251 894 tepens,

384 920 446 975 260
542 912 598 978 sed
620 912 781 997 naufragis
803 913 907 979 hiems
931 917 1008 995 erat,

489 1035 566 1099 ques
587 1017 780 1101 perditarum
802 1018 882 1083 dura
904 1018 1019 1083 damna
1041 1019 1217 1103 tegminum

540 1123 725 1205 gelidusque
747 1121 918 1206 quassabat
940 1128 1066 1189 tremcr.

489 1226 575 1292 aliud
597 1228 799 1312 stupendum,
823 1246 884 1311 quc
907 1227 1032 1293 fidelem
1054 1229 1190 1312 gratiam

539 1330 723 1397 Martiniani
744 1333 885 1417 colligas,

383 1442 444 1499 265
490 1436 601 1501 dilecte
622 1436 729 1518 irater,
752 1437 859 1520 accipe
882 1440 914 1503 et
936 1436 1030 1503 lauda
1052 1438 1144 1501 deum

542 1546 747 1624 sanctamque
770 1543 901 1607 fratrem
925 1544 1129 1626 amplectere:

491 1650 526 1711 ut
547 1645 747 1713 adlabentem
770 1647 876 1729 partui
898 1647 999 1712 sensit
1019 1650 1121 1711 ratem

542 1750 694 1816 stridente
716 1750 836 1816 harena
857 1751 969 1831 litania,

487 1853 624 1919 abeunte
646 1873 757 1919 semna
779 1855 816 1920 fit
838 1856 886 1920 sui
910 1855 1037 1920 tandem
1060 1872 1180 1919 memcr

384 1965 445 2023 270
541 1960 713 2042 recipitque
736 1978 817 2041 sese,
841 1961 1020 2043 expergitur

488 2066 520 2127 et
541 2063 719 2128 adiacentes
741 2066 861 2147 pectori
882 2065 984 2147 tangit
1003 2081 1059 2128 suo

540 2168 688 2250 epistulas
711 2169 853 2251 apostoli.

488 2271 573 2337 hunc
594 2273 626 2336 in
649 2290 764 2354 paacre
787 2274 926 2337 codicem
950 2273 1005 2337 sed
1028 2272 1171 2337 nesciens

539 2376 633 2441 rebus
656 2377 772 2442 relictis
795 2379 985 2459 sumpserat,

387 2489 448 2544 275
492 2481 545 2546 uel
568 2481 621 2546 ille
644 2482 739 2547 ccdex
763 2483 875 2565 spiritu
899 2483 1011 2546 uiuens
1035 2501 1122 2547 sacrc

540 2605 602 2651 ncn
626 2587 776 2652 sentienti
798 2587 995 2652 adhaeserat.

489 2690 610 2771 metire,
633 2709 760 2774 quaese,
783 2692 854 2774 quis
877 2691 938 2756 nisi
962 2689 1106 2756 christus
1130 2709 1185 2756 suc

539 2795 625 2861 dedit
647 2796 731 2861 hunc
753 2798 899 2862 ministre
922 2796 1121 2879 praesulem?

487 2905 623 2965 testatur
645 2901 705 2966 istc
728 2901 899 2985 cogitatum
923 2919 981 2965 nec
1004 2900 1065 2965 sibi

384 3011 445 3068 280
541 3005 595 3070 illc
617 3007 725 3089 pericli
746 3010 898 3088 tempure,

487 3119 524 3174 ut
545 3110 727 3193 inplicatam
751 3111 882 3175 sarcinis
906 3110 1158 3174 membranulam

540 3215 740 3279 meminisset
761 3214 849 3279 illinc
872 3215 991 3279 tcllere.

489 3319 571 3402 qued
594 3320 622 3383 si
644 3317 781 3384 subisset
802 3320 835 3383 in
859 3322 947 3384 metu
969 3321 1108 3384 mentem
1131 3337 1233 3400 suam,

538 3440 602 3489 non
623 3427 656 3488 et
677 3427 825 3488 uacasset
846 3440 1004 3506 quaerere.

382 3535 444 3591 285
489 3528 598 3592 sedin
621 3546 749 3592 snamm
773 3527 951 3593 litterarum
974 3545 1100 3610 corpere

538 3632 657 3697 Paulus
680 3632 832 3716 magister
854 3632 955 3698 adfuit

487 3755 658 3819 amansque
681 3754 759 3819 purc
782 3737 874 3801 corde
897 3737 1046 3802 lectorem
1071 3739 1119 3802 sui

270 3947 324 4000 259
344 3949 413 3998 essct
435 3944 499 3998 anni
521 3948 627 4014 tempus
648 3961 674 4012 c,
700 3959 786 3999 annus
809 3947 916 4014 tempus
939 3947 1008 3998 esset
1031 3945 1086 4000 ΒΟ
1173 3949 1314 3998 autamrus
1341 3946 1369 3999 B

222 4033 280 4089 260
292 4031 395 4101 hiemps
406 4031 462 4088 ΒΟ
514 4033 564 4088 261
584 4031 710 4086 damnate
727 4031 866 4100 geminum
878 4033 907 4086 B
959 4033 1010 4088 264
1024 4029 1133 4100 calligas
1146 4049 1169 4099 c,
1187 4030 1302 4100 collegas
1315 4033 1369 4086 ΒΟ

222 4121 278 4176 267
297 4121 329 4172 at
343 4119 442 4188 Barac,
460 4120 488 4172 et
504 4119 581 4176 1300
666 4121 717 4174 270
735 4117 804 4188 sese]
823 4135 851 4172 se
869 4118 897 4173 Β
984 4118 1111 4188 expergit’
1130 4119 1166 4184 B,
1185 4118 1335 4187 expergitus
1353 4137 1369 4174 c

223 4209 277 4263 271
298 4205 491 4262 adiacenteaO
554 4208 604 4262 274
624 4205 774 4261 relectisO
840 4209 891 4262 279
910 4204 956 4260 ille
975 4207 1001 4260 B
1064 4204 1212 4274 cogitatum
1231 4221 1280 4259 nec
1298 4207 1367 4262 ccci.

224 4294 413 4362 chbmciater,
431 4309 479 4348 nac
496 4292 540 4360 (na
562 4293 595 4362 O)
613 4292 761 4362 cogitatum
779 4291 951 4361 (coglttatmn
970 4293 1007 4361 Β)
1025 4291 1101 4348 Boe
1179 4293 1230 4348 280
1247 4290 1369 4360 periclitii

223 4379 301 4451 porti
317 4381 344 4436 Β
397 4382 446 4438 281
465 4378 587 4435 membra
606 4379 680 4435 nulla
697 4381 725 4436 B
