3217 4950
554 461 683 500 carmen
701 445 818 510 XVIIII,
831 448 975 504 274-334.

213 627 272 683 303
298 623 329 684 31
350 621 458 705 magni
480 621 593 686 solium
614 621 710 686 breue
733 623 919 687 confessoris
943 622 1052 687 adorat

295 725 409 808 iugiter·
432 745 448 790 e
471 725 565 790 uariis
589 725 729 790 33313313
750 726 926 808 frequentia
950 726 1050 790 terris.

297 829 351 892 sed
378 829 518 894 133331
544 834 728 895 aenatorum
754 830 919 895 hominum
947 834 1040 910 sator,
1069 828 1214 894 omnibns
1237 830 1331 894 istam

296 932 334 998 de
358 934 476 998 sanatis
497 934 629 999 indulsit
651 953 743 1019 opem
764 935 930 1018 procedere
952 936 1053 1015 terris,

296 1037 476 1103 31133313
498 1039 630 1103 tumulis
654 1043 783 1123 agerent
804 1040 858 1123 pia
880 1039 961 1104 dona
983 1039 1068 1103 beati

210 1148 273 1204 310
297 1145 449 1225 martyres
472 1147 504 1207 et
526 1143 617 1208 uiuos
639 1146 769 1226 possent
791 1161 899 1208 ourare
922 1143 1046 1226 sepulti.

295 1264 354 1310 neo
376 1247 453 1312 satis
476 1247 534 1312 hoo
557 1248 674 1313 donum
697 1248 822 1312 domine
845 1248 914 1329 fuit,
938 1251 973 1313 ut
995 1265 1053 1312 sua
1074 1250 1199 1311 tantum

297 1351 422 1415 nomine
445 1352 510 1416 siue
534 1352 645 1436 opibus
668 1353 737 1418 looa
758 1356 912 1435 martyres
934 1351 1151 1426 inlustrarent3

296 1474 334 1519 ex
356 1456 456 1520 isdem
478 1457 608 1522 tumulis
631 1457 727 1522 etiam
750 1459 955 1522 monumenta
976 1457 1100 1540 piorum

297 1560 509 1644 multiplicans
533 1561 641 1626 multis
663 1561 774 1626 tribuit
795 1563 958 1626 miserator
982 1561 1107 1626 eosdem

210 1671 274 1728 315
297 1665 455 1748 gentibus.
479 1670 510 1730 31
532 1667 665 1730 referam
687 1666 791 1731 uarias
815 1666 854 1731 ab
878 1666 996 1750 origine
1019 1683 1139 1744 causas,

299 1787 336 1833 33
358 1770 470 1852 quibus
493 1769 572 1834 haee
594 1775 664 1836 orta
685 1773 734 1835 est
754 1771 850 1834 uariis
873 1769 1048 1836 benedictio
1071 1769 1172 1834 terris.

339 1891 415 1939 nam
436 1875 512 1958 quia
533 1891 596 1940 non
618 1877 721 1940 totum
743 1876 858 1958 pariter
881 1873 994 1940 diffusa
1015 1893 1071 1958 per
1093 1872 1201 1939 orbem

296 1979 399 2062 prima
419 1977 496 2043 fides
518 1980 606 2060 ierat,
630 1980 736 2044 multis
758 1978 938 2064 regionibus
962 1978 1045 2043 orbis

299 2088 452 2167 martyres
476 2084 628 2165 sinerent,
652 2087 684 2148 et
706 2083 745 2149 ob
768 2085 837 2164 hoo,
859 2087 945 2167 puto,
970 2101 1097 2147 munere
1121 2099 1235 2164 magno

209 2196 274 2251 320
296 2187 328 2252 id
350 2188 500 2272 placitum
523 2189 647 2254 Christo
669 2207 753 2254 3333
775 2189 945 2273 inspirante
971 2192 1125 2271 potentes,

298 2295 334 2356 ut
357 2290 562 2358 Constantine
584 2294 721 2377 primum
744 2293 801 2358 sub
827 2292 959 2359 Caesare
981 2293 1100 2358 foetum
1123 2293 1181 2372 est,

297 2414 381 2462 nuno
402 2398 529 2462 famulis
551 2401 711 2484 retegente
735 2399 810 2480 suis,
833 2402 869 2464 ut
890 2399 963 2463 sede
985 2398 1080 2483 priori

296 2506 452 2586 martyras
474 2505 589 2568 ascitos
612 2504 820 2569 transferrent
842 2504 873 2568 in
897 2508 1101 2569 3033133333

297 2605 448 2691 hospitia;
475 2610 639 2673 31333313
662 2626 724 2673 non
747 2609 822 2673 olim
845 2610 985 2673 antistite
1008 2608 1125 2673 factum

208 2717 274 2772 323
297 2711 443 2775 nouimus
466 2710 644 2794 Ambrosio,
667 2714 720 2795 qui
743 2713 842 2777 tultus
866 2731 996 2779 munere
1018 2712 1084 2792 1311,

295 2819 463 2897 postquam
484 2816 643 2900 ignoratos
664 2818 751 2902 prius
774 2820 806 2881 et
828 2820 903 2881 tuno
925 2817 1026 2881 indiae
1051 2814 1174 2881 Christo

297 2918 436 2985 (13133133
458 2919 586 2986 sibimet
608 2925 731 2987 mutata
753 2922 914 2987 transtulit
937 2921 1018 3003 3313,

297 3024 438 3107 reginam
461 3029 605 3109 prompta
627 3026 858 3091 333131111333
881 3026 1047 3091 surenam.

297 3146 373 3192 nam
397 3127 620 3195 Constantinus
642 3130 758 3213 proprii
780 3149 854 3195 oum
877 3130 1024 3196 uenderet
1046 3128 1157 3193 urbem

206 3240 275 3297 330
299 3232 435 3297 nominis
459 3235 490 3298 et
511 3234 630 3317 primus
653 3234 794 3300 Romano
818 3236 850 3299 13
874 3236 999 3299 nomine
1021 3252 1131 3318 regum

297 3336 508 3402 christioolam
529 3342 661 3422 gereret,
685 3339 827 3405 diuinum
849 3343 955 3404 mente
978 3339 1096 3423 reoepit

297 3441 472 3523 eonsilium,
495 3446 532 3508 ut
553 3444 701 3525 quoniam
723 3444 885 3509 Romanae
910 3442 1074 3507 moenibus
1097 3441 1184 3506 mbis

298 3546 423 3611 aemula
444 3545 618 3631 magnificis
641 3550 776 3613 strueret
796 3552 873 3612 tuno
896 3548 1020 3612 moenia
1043 3548 1170 3629 coeptis,

296 3650 345 3715 his
369 3668 490 3733 quoque
512 3651 698 3717 Romuleam
721 3656 903 3736 sequeretur
927 3650 1051 3717 dotibus
1073 3651 1194 3731 urbem,

234 3878 290 3933 305
312 3878 340 3930 31
363 3875 455 3944 magni
473 3905 505 3915 —
524 3875 619 3930 adorat
640 3877 672 3931 03
694 3893 746 3947 mg.
764 3878 846 3945 iasar.
865 3879 890 3928 A
906 3894 940 3932 m.
960 3882 1015 3931 ont
1087 3877 1138 3931 306
1160 3873 1279 3928 conferta
1298 3875 1335 3942 D,

184 3966 321 4033 eongesa
331 3963 394 4032 ΔΕ,
413 3961 533 4018 33313313
545 3964 572 4018 A
582 3961 639 4031 (sed
654 3970 686 4020 ut
700 3965 783 4019 etiam
800 3964 852 4035 topi
865 3965 954 4034 possit
970 3962 1109 4032 33313313),
1128 3960 1249 4016 33313313
1260 3962 1334 4017 Mor.

184 4055 244 4109 310
267 4050 395 4122 martyris
416 4052 443 4106 A
514 4049 617 4121 sepulto
641 4051 682 4105 A¹
753 4054 802 4108 311
830 4050 939 4105 domum
962 4050 990 4105 A
1059 4051 1110 4105 312
1133 4048 1260 4119 martyris
1278 4050 1336 4103 AD

184 4141 243 4196 313
266 4137 364 4193 iisdem
382 4137 418 4207 Ε,
440 4136 517 4191 1313313
535 4139 565 4192 D
640 4137 806 4192 monimenta
823 4138 881 4193 AD
951 4138 1002 4193 319
1025 4135 1148 4190 afuerant
1165 4136 1231 4203 AD,
1254 4134 1335 4188 affue-

185 4231 254 4282 rant
272 4227 304 4281 Ε
358 4226 411 4282 320
428 4225 545 4294 spirante
564 4226 622 4281 AD
678 4226 731 4282 322
748 4228 814 4281 1333
831 4227 906 4281 Mar.
968 4224 1088 4293 priorum
1107 4224 1137 4277 E
1195 4224 1247 4278 323
1265 4238 1335 4275 mar-

183 4320 264 4385 tyres
277 4315 304 4369 A
357 4311 557 4381 3281333111),
574 4328 640 4367 uooo
653 4313 684 4367 E
733 4314 784 4369 323
796 4313 862 4366 dum
874 4316 899 4364 A
911 4318 1019 4368 austere
1032 4312 1115 4378 Mur„
1127 4310 1175 4380 qui
1187 4309 1219 4365 de
1230 4327 1271 4365 us.
1285 4310 1335 4365 323

184 4402 280 4457 -362
298 4406 413 4457 testator
464 4400 513 4455 331
533 4402 637 4467 gereret
654 4402 681 4453 31
699 4402 757 4455 AD

242 4494 307 4536 m.
321 4493 407 4536 Paulini
420 4493 579 4535 1313333133.
730 4534 733 4540 ,
1164 4488 1179 4535 9
